1462 2398
161 159 210 196 42
524 156 628 196 PRO
656 156 699 195 L.
730 154 984 195 MURENA.

160 258 373 298 Catilinam
406 262 591 296 metuam.
649 256 774 304 Nihil,
809 261 850 295 et
882 255 1029 303 curavi,
1060 268 1110 294 ne
1139 254 1227 306 quis
1259 258 1356 293 met-

159 329 281 372 ueret,
321 322 390 362 sed
429 322 559 372 copias
596 321 716 369 illius,
749 334 846 372 quas
884 320 948 359 hic
986 319 1115 366 video,
1148 319 1236 358 dico
1273 331 1356 357 esse

159 387 393 427 metuendas
410 402 421 435 3
458 400 529 426 nec
566 391 649 424 tam
687 385 890 424 timendus
924 390 984 424 est
1018 398 1124 423 nunc
1160 384 1357 423 exercitus

159 453 202 492 L.
248 452 444 491 Catilinae
491 465 611 502 quam
657 450 736 498 isti,
777 450 847 501 qui
886 450 999 488 illum
1038 449 1257 488 exercitum
1294 447 1358 486 de-

160 518 327 557 seruisse
379 517 578 555 dicuntur.
653 515 747 554 Non
800 515 906 554 enim
959 513 1230 562 deseruerunt,
1289 511 1358 551 sed

161 583 211 621 ab
248 582 316 621 illo
344 582 390 633 in
428 580 597 632 speculis
636 585 754 630 atque
792 579 948 618 insidiis
987 578 1113 617 relicti
1150 578 1192 616 in
1230 577 1358 628 capite

161 652 281 698 atque
309 646 351 684 in
380 645 598 684 cervicibus
626 644 773 683 nostris
802 644 1048 682 restiterunt.
1108 642 1162 681 Hi
1191 647 1231 681 et
1261 642 1360 680 inte-

161 725 276 762 grum
317 709 518 750 consulem
557 714 597 748 et
634 709 784 748 bonum
820 708 1102 759 imperatorem
1139 711 1180 746 et
1216 711 1382 760 natura<³
1439 700 1462 724 ³

162 782 204 816 et
230 776 390 819 fortuna
415 788 503 813 cum
532 774 589 812 rei
617 773 795 825 publicae
824 772 950 811 salute
978 772 1231 811 coniunctum
1259 771 1359 810 deici

163 840 212 880 de
248 840 358 880 urbis
395 838 592 891 praesidio
629 843 669 877 et
707 837 756 877 de
793 836 972 876 custodia
1007 835 1182 875 civitatis
1209 835 1361 874 vestris

163 905 372 945 sententiis
400 903 603 943 deturbari
632 902 783 942 volunt.
842 901 1020 950 Quorum
1048 914 1121 952 ego
1147 900 1294 939 ferrum
1321 904 1362 938 et

163 970 369 1009 audaciam
400 968 517 1007 reieci
550 968 590 1006 in
624 980 772 1018 campo,
808 965 1015 1005 debilitavi
1051 965 1094 1004 in
1131 965 1227 1013 foro,
1262 978 1362 1003 com·

165 1035 287 1087 pressi
318 1034 438 1073 etiam
472 1033 581 1072 domi
612 1045 723 1071 meae
761 1044 887 1082 saepe,
926 1030 1088 1081 iudices,
1122 1029 1185 1068 his
1222 1043 1292 1068 vos
1329 1028 1361 1068 si

165 1100 335 1139 alterum
381 1098 582 1138 consulem
628 1096 885 1145 tradideritis,
934 1095 1022 1146 plus
1073 1095 1200 1134 multo
1246 1099 1362 1133 erunt

165 1165 307 1204 vestris
327 1163 535 1203 sententiis
555 1175 674 1214 quam
693 1162 774 1200 suis
793 1160 936 1213 gladiis
956 1159 1166 1199 consecuti.
1224 1159 1363 1210 Magni

163 1230 340 1277 interest,
371 1228 532 1276 iudices,
563 1227 605 1266 id
633 1226 739 1278 quod
775 1239 847 1277 ego
880 1225 1016 1264 multis
1036 1224 1365 1276 ‘repugnantibus

165 1294 227 1346 egi
265 1299 383 1344 atque
429 1292 584 1344 perfeci,
620 1305 703 1331 esse
750 1289 944 1329 Kalendis
991 1289 1187 1328 Ianuariis
1233 1289 1274 1327 in
1321 1301 1362 1327 re

95 1360 147 1402 80
164 1359 322 1411 publica
348 1358 447 1397 duos
473 1356 662 1397 consules.
721 1355 857 1394 Nolite
884 1354 1079 1401 arbitrari,
1101 1353 1363 1392 mediocribus

165 1423 338 1464 consiliis
372 1427 442 1462 aut
474 1421 634 1461 usitatis
664 1420 739 1459 viis
773 1426 842 1459 aut
873 1419 1061 1458 toleranda
1094 1418 1253 1457 audacia
1288 1418 1359 1468 aqi.

166 1490 258 1529 Non
285 1488 351 1527 lex
379 1487 570 1538 improba,
597 1499 677 1537 non
705 1484 926 1536 perniciosa
953 1483 1121 1535 largitio,
1147 1496 1227 1522 non
1256 1482 1364 1522 audi-

165 1559 253 1594 tum
272 1552 484 1603 aliquando
504 1551 665 1602 aliquod
686 1550 834 1589 malum
860 1549 916 1587 rei
942 1548 1122 1600 publicae
1147 1538 1361 1599 quaeritur.

166 1619 274 1658 Inita
310 1622 405 1656 sunt
441 1617 482 1655 in
519 1616 592 1655 hac
634 1615 795 1654 civitate
840 1613 1015 1661 consilia,
1054 1612 1215 1659 iudices,
1254 1611 1363 1651 urbis

166 1682 368 1730 delendae,
407 1681 552 1721 civium
598 1679 936 1726 trucidandorum,
975 1675 1147 1722 nominis
1193 1676 1363 1716 Romani

166 1746 456 1798 exstinguendi.
513 1746 648 1796 Atque
682 1744 777 1782 haec
815 1743 930 1790 cives,
966 1742 1081 1791 cives,
1116 1742 1291 1792 inquam,
1331 1740 1363 1779 si

167 1826 232 1852 eos
264 1812 339 1851 hoc
370 1811 531 1850 nomine
564 1807 753 1860 appellari
787 1807 845 1846 fas
879 1812 950 1854 est,
986 1806 1035 1845 de
1064 1805 1192 1857 patria
1219 1817 1290 1843 sua
1321 1808 1363 1844 et

166 1874 344 1926 cogitant
377 1877 417 1911 et
451 1871 738 1923 cogitaverunt.
796 1868 952 1907 Horum
990 1881 1062 1919 ego
1094 1865 1240 1906 cotidie
1276 1879 1364 1905 con-

155 1939 263 1978 siliis
288 1950 459 1985 occurro,
482 1935 688 1975 audaciam
714 1933 891 1981 debilito,
913 1932 1049 1972 sceleri
1074 1931 1225 1971 resisto.
1284 1930 1364 1970 Sed

165 2016 319 2050 moneo,
348 2001 520 2041 iudices:
559 2001 606 2051 {nv
630 1999 754 2050 exitu
770 1997 847 2036 iam
880 2002 941 2036 est
972 2009 1083 2036 meus
1111 1995 1363 2044 consulatus3

165 2068 289 2107 nolite
325 2065 424 2105 mihi
463 2063 695 2103 subtrahere
732 2062 923 2101 vicarium
969 2073 1078 2100 meae
1120 2060 1360 2111 diligentiae,

165 2132 289 2172 nolite
318 2130 490 2170 adimere
520 2142 621 2176 eum,
643 2128 706 2166 cui
735 2140 817 2165 rem
846 2126 1044 2177 publicam
1066 2125 1181 2176 cupio
1206 2123 1363 2163 tradere

166 2196 402 2236 incolumem
429 2194 478 2233 ab
504 2193 565 2231 his
592 2192 716 2231 tantis
742 2190 926 2242 periculis
952 2189 1253 2230 defendendam.

95 2266 146 2308 81
220 2258 455 2299 XXXVIII.
488 2258 622 2308 Atque
669 2256 719 2295 ad
763 2256 860 2295 haec
906 2255 1019 2303 mala,
1057 2253 1218 2302 iudices,
1266 2250 1362 2304 quid
