1462 2398
455 115 558 154 PRO
588 115 627 152 L.
663 111 920 152 MURENA.
1263 108 1284 146 9

90 215 186 265 loco,
230 230 326 256 avus
366 215 474 254 nulla
511 213 655 253 illustri
693 213 809 269 laude
849 212 1077 251 celebratus.
1148 210 1288 260 ltaque

90 294 170 320 non
198 295 247 321 ex
276 293 454 320 sermone
483 279 688 318 hominum
717 276 877 323 recenti,
908 275 977 315 sed
1006 288 1056 314 ex
1085 273 1286 313 annalium

91 350 289 386 vetustate
336 345 510 384 eruenda
563 343 754 382 memoria
800 347 859 380 est
906 339 1127 379 nobilitatis
1183 345 1285 377 tuae.

92 410 220 459 Quare
267 423 338 462 ego
377 415 416 448 te
459 422 612 460 semper
653 408 695 446 in
742 411 923 446 nostrum
970 418 1178 444 numerum
1225 403 1288 442 ad-

91 489 251 528 gregare
280 475 394 523 soleo,
436 474 541 525 quod
575 473 723 512 virtute
762 471 1039 522 industriaque
1077 469 1286 521 perfecisti,

92 545 147 588 ut,
177 554 266 580 cum
295 539 440 591 equitis
478 538 646 578 Romani
686 550 789 576 esses
827 536 941 584 filius,
973 548 1127 574 summa
1155 539 1288 573 tamen

93 604 352 656 amplitudine
392 604 534 655 dignus
572 608 766 654 putarere.
838 602 918 640 Nec
960 600 1057 639 mihi
1100 612 1289 650 umquam

93 669 222 709 minus
254 670 296 708 in
334 669 378 717 Q.
414 668 616 719 Pompeio,
655 680 759 706 novo
798 666 958 705 homine
996 670 1037 703 et
1072 664 1289 703 fortissimo

93 734 189 782 viro,
219 734 379 774 virtutis
408 747 490 773 esse
519 733 647 772 visum
677 737 737 771 est
765 744 884 782 quam
912 731 954 769 in
983 729 1142 768 homine
1167 728 1290 767 nobil·

92 799 239 850 issimo,
270 799 324 838 M.
355 798 538 838 Aemilio.
597 796 756 843 Etenim
796 795 972 852 eiusdem
1010 793 1131 852 animi
1170 798 1289 844 atque

93 864 242 916 ingenii
270 869 330 903 est
357 863 523 914 posteris
553 862 642 909 suis,
679 861 785 912 quod
823 859 1035 911 Pompeius
1073 858 1176 906 fecit,
1212 872 1290 897 am-

94 928 330 980 plitudinem
360 927 542 974 nominis,
566 940 685 978 quam
713 939 794 964 non
822 924 1026 975 acceperit,
1051 922 1207 962 tradere
1236 927 1287 971 et,

95 998 140 1032 ut
167 993 346 1040 Scaurus,
378 992 606 1031 memoriam
637 1003 758 1042 prope
794 989 1099 1028 intermortuam
1136 988 1290 1039 generis

94 1071 165 1097 sua
205 1058 353 1097 virtute
391 1070 589 1106 renovare.
614 1084 636 1114 4
660 1055 774 1094 VIII.
817 1054 1065 1104 Quamquam
1103 1066 1174 1104 ego
1210 1053 1290 1103 iam
1308 1049 1359 1091 17

94 1123 292 1174 putabam,
318 1121 475 1170 iudices,
501 1121 638 1172 multis
661 1119 756 1158 viris
785 1119 954 1158 fortibus
982 1131 1032 1157 ne
1061 1117 1291 1169 ignobilitas

92 1188 245 1240 generis
282 1186 513 1234 obiceretur,
543 1199 630 1225 meo
668 1185 801 1224 labore
840 1197 923 1223 esse
960 1183 1189 1235 perfectum,
1221 1182 1289 1233 qui

93 1265 174 1291 non
218 1251 338 1290 modo
384 1250 526 1298 Curiis,
577 1249 806 1296 Catonibus,
854 1247 1065 1299 Pompeiis,
1115 1246 1291 1297 antiquis

94 1316 172 1355 illis
200 1315 426 1356 fortissimis
455 1314 561 1361 viris,
601 1314 670 1352 sed
707 1313 768 1351 his
807 1312 1042 1360 recentibus,
1075 1310 1213 1357 Mariis
1251 1314 1292 1349 et

94 1379 224 1419 Didiis
261 1385 302 1419 et
338 1379 495 1426 Caeliis,
535 1376 888 1429 commemorandis
926 1376 1117 1429 iacebant.
1189 1375 1291 1414 Cum

95 1457 189 1484 vero
230 1457 301 1495 ego
340 1449 453 1482 tanto
492 1426 703 1481 intervallo
741 1422 1058 1480 claustraW
1072 1430 1292 1479 nobilitatis

95 1508 352 1560 refregissem‚
382 1513 428 1547 ut
456 1507 596 1552 aditus
616 1505 666 1545 ad
704 1506 951 1545 consulatum
983 1505 1160 1556 posthac,
1190 1505 1292 1543 sicut

97 1572 202 1624 apud
248 1573 413 1612 maiores
459 1576 613 1611 nostros
660 1571 748 1619 fuit,
797 1583 876 1609 non
920 1569 1045 1621 magis
1092 1568 1292 1608 nobilitati

97 1650 215 1689 quam
242 1637 382 1676 virtuti
409 1642 573 1688 pateret,
597 1649 676 1675 non
700 1635 933 1690 arbitrabar,
958 1647 1047 1673 cum
1072 1647 1121 1673 ex
1143 1622 1293 1672 familia

96 1706 228 1741 vetere
278 1706 319 1741 et
367 1701 513 1740 illustri
567 1700 702 1739 consul
758 1699 987 1751 designatus
1043 1698 1092 1738 ab
1148 1698 1293 1750 equitis

98 1766 266 1806 Romani
293 1766 374 1805 filio
402 1765 560 1810 consule
588 1765 879 1813 defenderetur,
910 1764 959 1803 de
992 1763 1148 1816 generis
1185 1763 1293 1810 novi7

98 1835 179 1871 tate
215 1836 457 1870 accusatores
495 1843 578 1870 esse
621 1829 807 1882 dicturos.
883 1829 1044 1868 Etenim
1081 1828 1179 1866 mihi
1216 1828 1292 1879 ipsi

32 1938 216 2012 ''sszsstque
238 1959 507 2016 audacissimo,
533 1959 656 1998 altero
680 1958 972 1998 modestissimo
999 1963 1117 2008 atque
1143 1952 1299 2008 optimo*

99 2022 197 2072 viro,
226 2029 424 2076 peterem3
461 2024 643 2074 superavi
677 2028 809 2062 tamen
844 2022 1038 2074 dignitate
1067 2021 1291 2068 Catilinam,

99 2087 226 2148 Q
246 2088 425 2128 Galbam.
483 2087 633 2137 Quodsi
662 2087 704 2126 id
730 2088 877 2126 crimen
900 2087 1053 2125 homini
1082 2099 1185 2124 novo
1212 2099 1295 2124 esse

99 2151 270 2200 deberet,
306 2153 479 2204 profecto
517 2153 614 2191 mihi
652 2165 780 2203 neque
817 2152 965 2190 inimici
1003 2163 1130 2202 neque
1167 2149 1295 2188 invidi

101 2216 327 2255 defuissent.
402 2217 642 2256 Omittamus
689 2217 810 2268 igitur
855 2215 905 2254 de
955 2228 1097 2266 genere
1153 2213 1292 2262 dicere,
1313 2215 1364 2258 18

98 1895 250 1944 accidit,
274 1900 319 1934 ut
346 1909 435 1934 cum
463 1895 617 1934 duobus
643 1894 831 1946 patriciis,
853 1893 976 1933 altero
1004 1893 1317 1944 improbissimo,
1354 1896 1358 1926 ἑ
