1462 2398
486 145 592 185 PRO
618 145 661 184 L.
692 145 954 185 MURENA.
1268 149 1316 185 39

123 244 173 284 ad
205 245 412 296 prandium
446 245 643 284 invitare'l
710 246 889 294 Minime,
924 246 993 285 sed
1025 246 1155 297 vulgo.
1215 246 1320 295 Quid

123 316 184 349 est
220 310 365 362 vulgo'i
427 310 656 350 Universos.
726 311 818 350 Non
857 311 987 363 igitur,
1028 312 1059 350 si
1097 312 1140 350 L.
1181 312 1317 360 Natta,

123 387 277 414 summo
296 375 380 415 loco
401 375 640 424 adulescens,
662 377 730 428 qui
759 382 799 415 et
828 390 906 427 quo
934 377 1064 415 animo
1093 377 1171 416 iam
1201 378 1253 416 sit
1281 382 1321 416 et

123 440 252 491 qualis
280 441 341 480 vir
368 441 524 480 futurus
553 442 616 489 sit,
639 441 831 489 videmus,
863 442 903 480 in
934 442 1112 492 equitum
1133 442 1320 480 centuriis

123 505 251 544 voluit
283 518 367 545 esse
399 510 440 545 et
472 505 522 559 ad
555 506 629 545 hoc
662 506 831 545 officium
864 506 1167 545 necessitudinis
1200 511 1241 545 et
1270 506 1319 545 ad

124 570 321 622 reliquum
348 576 504 622 tempus
532 571 740 623 gratiosus,
763 571 803 610 id
824 571 900 610 erit
919 572 1002 610 eius
1023 571 1163 610 vitrico
1191 571 1320 611 fraudi

124 639 193 674 aut
212 635 377 684 crimini,
399 649 481 684 nec,
503 636 536 674 si
555 636 666 687 virgo
686 636 871 683 Vestalis,
893 636 1010 675 huius
1039 636 1261 687 propinqua
1280 642 1321 675 et

123 700 350 749 necessaria,
382 700 511 740 locum
543 714 659 740 suum
686 701 967 752 gladiatorium
997 701 1188 740 concessit
1216 701 1318 750 huic,

122 777 204 815 nqn
241 769 282 804 et
317 765 386 804 illa
420 765 486 816 pie
522 765 617 804 fecit
654 771 695 804 et
732 765 795 804 hie
833 779 856 804 a
893 765 1007 816 culpa
1039 770 1100 804 est
1132 770 1317 805 remotus.

123 828 268 868 Omnia
307 829 403 870 haec
444 835 538 868 sunt
585 831 709 870 officia
755 830 1075 878 necessariorum,
1115 830 1321 870 commoda

124 894 360 943 tenuiorum,
391 895 528 934 munia
555 895 870 934 candidatorum.

177 959 234 997 At
254 959 359 998 enim
379 960 461 1011 agit
486 973 639 998 mecum
666 965 821 1011 austere
848 966 888 999 et
914 960 1044 1000 Stoice
1068 961 1178 1009 Cato,
1201 965 1321 1012 negat
1338 962 1391 1006 74

123 1036 262 1062 verum
281 1037 364 1063 esse
383 1024 502 1072 adlici
527 1025 846 1064 benevolentiam
870 1025 967 1074 cibo,
991 1031 1109 1078 negat
1129 1025 1320 1064 iudicium

123 1088 328 1127 hominum
361 1089 403 1127 in
436 1089 732 1140 magistratibus
765 1089 1002 1128 mandandis
1031 1090 1230 1143 corrumpi
1257 1103 1316 1129 vo-

122 1152 341 1204 luptatibus
361 1159 553 1204 oportere.
614 1154 730 1206 Ergo,
753 1153 803 1193 ad
823 1167 960 1193 cenam
981 1154 1185 1205 petitionis
1205 1168 1321 1194 causa

123 1217 156 1256 si
185 1218 273 1269 quis
298 1224 423 1265 vocat,
452 1218 765 1257 condemnaturi
826 1219 1029 1270 ‘Quippe,'
1058 1219 1191 1270 inquit
1207 1234 1217 1267 3
1251 1223 1320 1258 ‘tu

122 1282 222 1334 mihi
254 1295 452 1321 summum
480 1279 701 1334 imperium,
733 1297 928 1322 summam
957 1284 1243 1332 auctoritatem,
1275 1289 1321 1323 tu

121 1348 387 1399 gubernacula
423 1348 480 1387 rei
517 1348 697 1399 publicae
733 1353 846 1402 peffas
888 1348 1071 1404 fovendis
1114 1349 1320 1388 hominum

123 1413 300 1452 sensibus
329 1418 370 1452 et
398 1412 645 1451 deleniendis
674 1413 815 1452 animis
845 1419 885 1451 et
915 1413 1152 1470 adhibendis
1186 1414 1321 1465 volup-

122 1476 301 1516 tatibus?
382 1477 532 1516 Utrum
587 1477 851 1535 lenocinium?
907 1477 1050 1528 inquit,
1107 1482 1153 1517 ‘a
1202 1492 1320 1532 grege

123 1541 313 1580 delicatae
349 1541 571 1580 iuventutis
605 1555 654 1581 an
688 1542 794 1581 orbis
827 1546 1023 1581 terrarum
1054 1543 1264 1594 imperium
1297 1558 1321 1584 a

123 1606 270 1657 populo
306 1606 486 1645 Romano
522 1607 683 1658 petebas
699 1609 734 1645 (ι’
792 1606 1005 1645 Horribilis
1051 1608 1206 1658 oratio3
1251 1609 1320 1648 sed

123 1684 210 1710 eam
241 1684 345 1719 usus,
377 1671 470 1719 vita,
501 1684 641 1720 moreS,
676 1671 814 1710 civitas
841 1671 928 1722 ipsa
959 1672 1120 1723 respuit.
1180 1672 1320 1724 Neque

123 1741 257 1775 tamen
298 1736 610 1784 Lacedaemonii,
660 1742 839 1776 auctores
885 1736 999 1775 istius
1048 1737 1152 1777 vitae
1198 1743 1318 1789 atque

123 1800 324 1848 orationis,
349 1800 417 1851 qui
447 1800 657 1840 cotidianis
686 1801 812 1853 epulis
840 1802 881 1839 in
904 1802 1044 1840 robore
1067 1803 1317 1852 accumbunt,

123 1877 250 1916 neque
281 1878 375 1904 vero
407 1865 554 1913 Cretes,
587 1878 753 1917 quorum
780 1879 900 1904 nemo
928 1867 1104 1917 gustavit
1131 1880 1319 1919 umquam

123 1929 280 1977 cubans,
309 1929 451 1968 melius
479 1943 597 1981 quam
625 1930 794 1969 Romani
823 1930 1014 1979 homines,
1043 1932 1111 1982 qui
1141 1936 1320 1983 tempora

123 1991 339 2044 voluptatis
370 1993 595 2044 laborisque
633 1994 886 2045 dispertiunt,
922 2008 983 2033 res
1017 1995 1192 2046 publicas
1229 2010 1318 2036 suas

123 2057 400 2106 retinuerunt3
429 2071 599 2110 quorum
619 2058 734 2098 alteri
754 2072 834 2098 uno
858 2059 1033 2098 adventu
1059 2061 1185 2099 nostri
1210 2074 1319 2100 exer-

123 2122 225 2162 citus
269 2121 390 2162 deleti
436 2128 539 2171 sunt,
585 2123 700 2162 alteri
747 2123 872 2163 nostri
918 2124 1075 2176 imperii
1120 2126 1317 2176 praesidio

122 2186 371 2238 disciplinam
415 2200 526 2227 suam
572 2187 756 2239 legesque
801 2194 1047 2228 conservant.
1122 2189 1314 2230 XXXVI.
1333 2192 1386 2236 75

123 2250 252 2301 Quare
282 2250 372 2299 noli,
405 2250 517 2298 Cato,
548 2251 741 2290 maiorum
775 2252 970 2300 instituta,
1001 2266 1100 2303 quae
1130 2267 1191 2293 res
1218 2254 1313 2306 ipsa,
