1462 2398
388 134 491 174 PRO
524 134 558 173 L.
593 133 855 173 MURENA.
1168 134 1214 171 27

23 236 63 276 in
93 250 182 276 eum
209 240 358 275 metum
384 235 598 283 adduxisti,
622 240 668 273 ut
687 235 991 285 pertimesceret,
1013 246 1063 272 ne
1083 232 1218 271 consul

25 301 197 342 Catilina
242 302 366 347 fieret,
405 300 497 339 dum
547 305 599 338 tu«
638 299 927 338 accusationem
975 310 1218 349 comparares

25 365 205 418 deposita
246 371 365 416 atque
403 356 562 404 abiecta
593 362 816 415 petitione?
871 363 1031 402 Etenim
1078 367 1118 402 te
1164 363 1220 401 in-
1237 359 1289 401 49

26 431 180 482 quirere
218 430 420 478 videbant,
459 430 616 476 tristem
654 429 796 480 ipsum,
837 433 1004 466 maestos
1051 427 1220 475 amicos;

26 495 332 545 obsergationes,
381 494 690 550 testificationes,
738 493 987 532 seductiones
1042 492 1216 540 testium,

25 560 259 600 secessiones
306 559 617 610 subscriptorum
655 558 1037 605 animadvertebant,
1076 557 1220 608 quibus

25 625 142 664 rebus
162 629 308 676 ,cre‘tae
345 624 452 675 ipsae
485 623 789 662 candidatorum
822 623 1065 662 obscuriores
1095 621 1221 660 videri

27 689 180 739 solent3
226 687 441 729 Catilinam
487 688 640 727 interea
685 687 853 726 alacrem
900 693 1019 738 atque
1059 687 1220 734 laetum,

27 755 219 806 stipatum
248 754 366 793 choro
393 752 625 800 iuventutis,
656 752 847 791 vallatum
876 751 1072 801 indicibus
1103 756 1222 802 atque

28 819 187 866 sicariis,
226 819 407 857 inflatum
455 831 543 857 cum
590 830 659 870 spe
703 817 888 864 militum,
928 822 1015 855 tum
1052 816 1222 867 collegae

29 884 116 932 mei,
140 896 258 934 quem
282 883 332 922 ad
356 882 517 922 modum
539 882 695 921 dicebat
714 882 808 933 ipse,
831 881 1043 933 promissis,
1065 881 1224 920 circum-

29 949 218 987 fluentem
255 947 485 997 colonorum
522 946 800 986 Arretinorum
838 950 878 984 et
915 945 1220 984 Faesulanorum

30 1013 216 1060 exercitu,
270 1025 388 1063 quam
445 1012 602 1050 turbam
658 1010 922 1050 dissimillimo
978 1023 1028 1049 ex
1082 1023 1237 1062 generes

30 1076 333 1128 distinguebant
382 1076 562 1115 homines
614 1075 782 1127 perculsi
835 1074 989 1114 Sullani
1035 1063 1236 1126 temporis}¹

31 1141 263 1181 calamitate.
321 1141 468 1180 Vultus
497 1140 622 1191 ipsius
650 1144 735 1179 erat
767 1139 907 1191 plenus
935 1140 1091 1187 furoris,
1122 1139 1224 1178 oculi

31 1207 196 1255 sceleris,
227 1219 355 1246 sermo
381 1205 648 1257 adrogantiae,
677 1205 731 1244 sic
757 1209 802 1243 ut
828 1205 863 1243 ei
889 1205 967 1243 iam
997 1204 1225 1256 exploratus

31 1276 72 1319 et
107 1271 215 1311 domi
253 1270 435 1310 conditus
473 1269 700 1309 consulatus
738 1269 951 1309 videretur.
1015 1269 1225 1308 Murenam

31 1335 319 1390 contemnebat,
360 1335 579 1386 Sulpicium
619 1339 884 1373 accusatorem
922 1347 1036 1372 suum
1074 1347 1228 1373 numer-

29 1401 134 1448 abat,
173 1413 254 1440 non
292 1400 591 1451 competitorem
607 1415 616 1448 ς
664 1399 699 1438 ei
738 1399 819 1437 vim
857 1398 1130 1446 denuntiabat,
1170 1399 1226 1438 rei
1265 1418 1283 1422 -
1339 1441 1345 1450 Ι

33 1462 210 1517 public'ae
235 1464 472 1503 minabatur.
500 1475 503 1478 ·
574 1464 661 1502 XV.
692 1463 845 1512 Quibus
871 1463 988 1502 rebus
1013 1463 1082 1514 qui
1108 1463 1228 1510 timor
1244 1466 1269 1508 5

32 1529 146 1569 bonis
172 1529 355 1568 omnibus
383 1529 554 1568 iniectus
582 1529 635 1566 sit
663 1533 891 1579 quantaque
920 1527 1143 1578 desperatio
1171 1529 1228 1567 rei

33 1594 223 1646 publicae,
245 1594 277 1632 si
306 1593 372 1632 ille
400 1593 528 1631 factus
557 1597 670 1641 esset,
697 1592 819 1631 nolite
848 1606 871 1631 a
899 1606 961 1630 me
989 1594 1228 1632 commoneri

32 1659 158 1707 velle3
199 1663 354 1698 vosmet
384 1657 460 1708 ipsi
493 1656 695 1696 vobis'oum
729 1657 1002 1696 recordamini.
1063 1658 1228 1696 Memin—

32 1723 119 1763 istis
170 1723 286 1771 enim,
340 1735 430 1761 cum
480 1721 586 1760 illius
635 1722 775 1761 nefarii
835 1721 1065 1773 gladiatoris
1115 1736 1228 1762 voces

15 1787 380 1843 percrebruissent,
439 1799 536 1838 quas
591 1785 776 1825 habuisse
831 1787 874 1824 in
930 1786 1113 1826 contione
1164 1786 1228 1826 do-

32 1852 195 1892 mestica
213 1851 429 1900 dicebatur,
446 1864 536 1889 cum
556 1851 789 1897 miserorum
808 1850 964 1889 fidelem
983 1850 1229 1891 defensorem

33 1907 215 1967 negasset
255 1915 426 1955 inveniri
469 1929 582 1967 posse
622 1915 698 1954 nisi
739 1929 839 1963 eum,
881 1916 950 1966 qui
989 1916 1072 1967 ipse
1111 1917 1231 1958 miser

35 1984 166 2029 esset;
195 1979 444 2032 integrorum
469 1984 510 2019 et
537 1979 830 2019 fortunatorum
855 1980 1057 2030 promissis
1081 1981 1230 2020 saucios

35 2049 76 2085 et
113 2044 274 2084 miseros
311 2044 470 2084 credere
508 2057 588 2083 non
627 2049 831 2094 oportere3
873 2058 1004 2095 quare,
1039 2046 1107 2096 qui
1144 2059 1231 2085 con-

35 2113 194 2160 sumpta
217 2109 378 2160 replere,
400 2113 536 2159 erepta
559 2121 789 2158 recuperare
813 2108 973 2158 vellent,
995 2114 1230 2160 spectarent,

35 2173 134 2226 quid
165 2163 253 2225 *ipse
291 2172 465 2222 deberet,
506 2173 602 2224 quid
640 2173 871 2223 possideret,
912 2173 1008 2224 quid
1046 2174 1232 2224 auderet3

36 2238 200 2277 minime
225 2237 411 2276 timidum
437 2243 477 2275 et
503 2237 617 2276 valde
643 2237 914 2276 calamitosum
940 2251 1023 2277 esse
1052 2244 1233 2289 oportere

1431 1745 1445 1866 mnu-anun
1437 1699 1443 1731 a«,
1432 1654 1444 1668 Ἃ
1435 1560 1447 1626 ,„-.›..=
1442 1537 1445 1542 .
1440 1499 1442 1502 .
