1462 2398
455 139 559 179 PRO
588 139 630 179 L.
662 140 711 178 M
719 139 922 178 UBENA.
1237 141 1285 177 29

89 239 354 279 remissiorem
386 240 427 279 in
461 239 633 290 petendo
666 245 865 290 putarent,
897 239 1110 278 Catilinam
1146 244 1186 277 et
1218 252 1287 290 spe

89 310 129 343 et
176 305 394 356 cupiditate
444 304 735 344 inflammatum
782 304 974 351 viderent,
1023 317 1170 351 omnes,
1219 304 1287 354 qui

89 369 198 408 illam
227 370 278 409 ab
307 383 348 409 re
381 369 540 420 publica
573 374 726 420 pestem
755 368 952 419 depellere
981 369 1202 419 cupiebant,
1238 368 1288 407 ad

90 434 302 474 Murenam
331 447 371 474 se
402 434 539 473 statim
568 434 835 473 contulerunt.
893 433 1041 484 Magna
1067 439 1128 472 est
1155 438 1288 472 autem
1307 433 1360 474 53

90 499 260 538 comitiis
280 498 550 538 consularibus
569 498 779 549 repentina
799 498 1052 537 voluntatum
1070 498 1287 547 inclinatio,

90 564 324 615 praesertim
356 577 446 602 cum
478 563 661 602 incubuit
693 563 744 602 ad
776 563 907 601 virum
945 563 1093 602 bonum
1126 567 1167 602 et
1193 562 1291 601 mul-

93 627 143 667 tis
180 627 267 667 aliis
305 627 546 666 adiumentis
584 627 790 678 petitionis
829 632 1023 666 ornatum.
1087 627 1164 676 Qui
1200 641 1289 666 cum

91 692 372 732 honestissimo
413 697 526 743 patre
568 697 688 743 atque
730 692 956 739 maioribus,
1000 692 1291 731 modestissima

90 756 370 804 adulescentia,
407 756 622 795 clarissima
659 756 868 826 legatione,
903 761 1089 808 praetura
1124 757 1291 808 probata

92 821 133 860 in
179 822 275 870 iure,
324 826 436 873 grata
487 822 527 860 in
579 835 755 870 munere,
782 808 943 860 ornata
994 823 1035 860 in
1087 823 1291 872 provincia

91 886 256 937 petisset
284 886 507 938 diligenter,
533 891 574 925 et
600 886 659 925 ita
684 886 860 936 petisset,
892 892 938 925 ut
966 900 1093 938 neque
1121 887 1291 926 minanti

92 951 250 990 cederet
283 964 411 1002 neque
446 951 630 1002 cuiquam
668 951 899 999 minaretur,
935 951 1026 990 huic
1064 952 1288 990 mirandum

93 1020 154 1054 est
185 1028 328 1066 magno
362 1015 593 1054 adiumento
628 1015 824 1055 Catilinae
859 1016 1031 1054 subitam
1063 1030 1172 1067 spem
1203 1030 1292 1056 con-

93 1080 246 1119 sulatus
276 1080 521 1131 adipiscendi
550 1081 701 1119 fuisse?

147 1144 263 1183 Nunc
290 1144 389 1183 1111111
412 1145 557 1183 tertius
584 1144 651 1183 ille
676 1130 784 1187 locus
811 1151 872 1184 est
897 1146 1074 1206 reliquus
1100 1146 1290 1185 orationis
1308 1147 1362 1188 54

92 1208 142 1263 de
169 1209 343 1248 ambitus
371 1209 614 1275 criminibus,
634 1208 897 1261 perpurgatus
927 1210 976 1249 ab
999 1201 1078 1258 his,
1103 1211 1170 1262 qui
1198 1216 1291 1250 ante

92 1286 154 1312 me
191 1273 393 1321 dixerunt,
435 1269 466 1312 a
493 1287 568 1322 me,
609 1275 795 1325 quoniam
842 1274 900 1313 ita
945 1275 1115 1314 Murena
1152 1275 1289 1324 voluit,

92 1337 394 1393 retractandus3
423 1351 502 1389 quo
522 1338 564 1376 in
583 1338 668 1377 loco
690 1338 728 1378 Ο
752 1339 953 1387 Postumo,
975 1339 1162 1378 familiari
1189 1353 1288 1389 meo,

93 1403 343 1441 ornatissimo
371 1403 467 1450 viro,
499 1402 548 1441 de
578 1403 983 1457 divisorumjindiciis
1011 1409 1051 1442 et
1079 1404 1128 1443 de
1157 1404 1293 1456 depre-

94 1466 227 1519 hensis
258 1467 446 1518 pecuniis,
484 1466 727 1505 adulescenti
759 1468 963 1518 ingenioso
992 1473 1033 1507 et
1060 1469 1174 1518 bono,
1208 1470 1288 1508 Ser.

95 1529 282 1582 Sulpicio,
317 1530 366 1570 de
404 1531 583 1581 equitum
621 1531 819 1579 centuriis,
855 1532 909 1570 M.
946 1532 1100 1581 Catoni,
1139 1533 1290 1572 homini

93 1595 137 1633 in
175 1595 284 1633 omni
322 1595 472 1634 virtute
514 1595 734 1644 excellenti,
776 1596 825 1635 de
866 1597 990 1647 ipsius
1032 1598 1289 1647 accusatione,

95 1659 144 1699 (16
197 1665 357 1699 senatus
409 1660 600 1708 consulto,
656 1660 705 1699 de
748 1674 790 1699 re
832 1661 990 1712 publica
1032 1663 1288 1713 respondebo.
1336 1677 1340 1681 “

95 1724 267 1764 XXVII.
314 1724 394 1763 Sed
430 1738 564 1776 pauca,
605 1738 706 1776 quae
743 1739 876 1765 meum
916 1727 1091 1766 animum
1129 1733 1291 1779 repente
1309 1727 1362 1768 55

95 1795 315 1837 moverunt,
348 1790 458 1840 prius
489 1789 538 1828 de
569 1789 613 1828 L.
645 1790 837 1830 Murenae
871 1791 1031 1830 fortuna
1063 1805 1288 1842 conquerar.

96 1853 200 1892 Nam
219 1866 308 1892 cum
327 1866 442 1905 saepe
465 1858 592 1908 antea,
615 1854 775 1902 iudices,
798 1860 838 1894 et
861 1869 911 1893 ex
935 1855 1102 1895 aliorum
1125 1857 1293 1896 miseriis

97 1922 139 1956 et
169 1930 220 1956 ex
251 1918 349 1957 meis
382 1918 486 1958 curis
516 1918 797 1969 laboribusque
829 1919 1040 1958 cotidianis
1069 1920 1292 1960 fortunatos

95 1994 164 2021 eos
195 1981 375 2021 homines
407 1982 634 2031 iudicarem,
668 1983 737 2033 qui
771 1984 914 2022 remoti
946 1998 968 2023 a
998 1984 1142 2023 studiis
1174 1986 1294 2025 ambi-

97 2045 218 2084 tionis
237 2046 364 2085 otium
385 2060 428 2085 ac
449 2047 782 2098 tranquillitatem
802 2048 909 2089 vitae
929 2049 1052 2087 secuti
1081 2054 1186 2098 sunt,
1207 2056 1293 2089 tum

97 2122 191 2148 vero
227 2109 271 2148 in
289 2110 352 2149 his
389 2110 434 2149 L.
473 2111 664 2150 Murenae
712 2112 835 2150 tantis
874 2118 1032 2163 tamque
1070 2114 1294 2164 improvisis
1419 2153 1423 2159 ,

97 2173 281 2224 perieulis
306 2174 364 2214 ita
389 2187 476 2214 sum
501 2175 635 2223 animo
662 2175 852 2224 adfectus,
875 2181 920 2215 ut
939 2190 1018 2216 non
1039 2191 1180 2228 queam
1198 2179 1294 2218 satis
1394 2168 1402 2170 V

98 2250 227 2289 neque
253 2251 502 2278 communem
531 2240 708 2278 omnium
737 2245 917 2279 nostrum
942 2241 1212 2281 condicionem
1231 2256 1296 2282 ne-
