1462 2398
468 151 567 190 PRO
597 152 636 189 L.
670 151 930 189 MURENA.
1248 150 1295 186 23

99 253 269 304 gratiam
306 251 518 302 aequitatis
554 246 741 303 largitio;
787 264 864 301 qua
902 251 942 288 in
990 256 1094 288 sorte
1141 249 1296 300 sapiens

100 315 269 368 praetor,
299 316 425 368 qualis
457 316 520 358 hic
548 316 637 362 fuit,
669 316 924 376 offensionem
955 315 1059 353 vitat
1086 313 1297 364 aequabili-

102 386 185 421 tate
236 372 483 440 decernendi,
532 374 850 429 benevolentiam
902 379 1085 432 adiungit
1130 378 1295 417 lenitate

99 446 315 497 audiendi;
343 446 499 497 egregia
531 450 571 484 et
606 445 655 484 ad
684 445 932 484 consulatum
961 448 1054 506 apta
1081 443 1294 494 provincia,

100 511 141 549 in
187 524 267 562 qua
311 509 399 549 laus
440 510 664 561 aequitatis,
704 502 957 560 integdtatis,
996 507 1199 547 facilitatis
1245 507 1295 546 ad

100 582 322 615 extremum
342 569 523 614 lu'dorum
548 574 752 625 voluptate
779 573 1037 612 concluditur.
1097 572 1201 621 Quid
1227 577 1297 611 tua
1314 566 1367 608 42

100 640 212 680 s'ors‘l
264 631 420 687 Tristis,
454 644 580 694 atrox,
621 639 801 690 quaestio
838 638 1053 689 peculatus,
1090 651 1140 676 ex
1173 637 1296 676 altera

79 710 210 756 'parte
237 704 487 744 lacrimarum
517 710 557 743 et
586 697 789 756 squaloris,
821 716 870 742 ex
900 702 1023 741 altera
1052 702 1168 753 plena
1197 706 1297 740 cate-

98 782 239 808 narum
267 774 386 820 atque
414 768 618 823 inQum5
648 768 812 820 OOQi
842 767 991 806 iudices
1018 767 1147 812 inviti,
1177 767 1295 805 retin-

99 834 191 874 endi
212 839 349 873 contra
367 833 617 872 voluntatem
635 849 644 882 ;
673 827 800 871 scriba
819 832 1041 880 damnatus,
1064 831 1160 870 ordo
1187 836 1308 883 totus,

99 898 292 938 alienatus
307 913 318 946 3
348 898 511 937 Sullana
535 898 772 949 gratificatio
798 896 1046 948 reprehensa,
1075 896 1191 935 multi
1220 895 1295 934 viri
1328 930 1331 936 ,

98 963 220 1002 fortes
257 967 298 1002 et
328 976 450 1014 prope
482 976 572 1014 pars
610 962 786 1001 civitatis
823 962 998 1010 offensa;
1039 961 1128 1000 lites
1162 973 1295 1000 severe

98 1028 352 1077 aestimatam
395 1028 457 1066 cui
493 1027 632 1079 placet,
668 1026 925 1075 obliviscitur,
961 1026 1023 1065 cui
1060 1025 1179 1074 dolet,
1219 1039 1295 1065 me-

101 1093 226 1132 minit.
303 1092 509 1132 Postremo
556 1099 602 1131 tu
649 1092 690 1130 in
733 1091 977 1143 provinciam
1019 1091 1075 1130 ire
1117 1090 1292 1129 noluisti.

98 1157 191 1196 Non
227 1171 388 1208 possum
424 1157 465 1196 id
503 1157 545 1195 in
583 1162 622 1195 te
666 1155 964 1207 reprehendere,
1005 1155 1112 1206 quod
1150 1156 1190 1194 in
1232 1168 1295 1194 me

97 1222 182 1274 ipso
211 1227 251 1261 et
278 1226 460 1274 praetore
488 1226 529 1261 et
557 1221 716 1260 consule
745 1221 923 1272 probavi.
979 1220 1057 1259 Sed
1087 1225 1220 1259 tamen
1249 1220 1292 1258 L.

98 1287 288 1326 Murenae
306 1287 511 1338 provincia
536 1286 683 1325 multas
709 1286 831 1339 bonas
857 1285 1005 1337 gratias
1031 1299 1119 1323 oum
1145 1285 1295 1336 optima

97 1351 391 1391 existimatione
424 1351 571 1390 attulit.
631 1350 787 1389 Habuit
820 1350 1071 1401 proficiscens
1090 1349 1294 1396 ,dilectum

97 1416 139 1455 in
165 1415 336 1455 Umbria
350 1431 360 1464 3
390 1415 503 1454 dedit
529 1416 564 1454 ei
592 1415 824 1454 facultatem
853 1428 915 1454 res
944 1415 1102 1465 publica
1129 1414 1295 1453 liberali-

97 1480 202 1528 tatis,
235 1493 313 1530 qua
345 1493 439 1519 usus
471 1479 618 1518 multas
651 1479 725 1518 sibi
758 1479 898 1525 tribus,
933 1492 1044 1530 quae·
1071 1479 1295 1530 municipiis

99 1543 291 1583 Umbriae
310 1543 584 1591 conficiuntur,
607 1543 792 1582 adiunxit
809 1558 819 1591 3
846 1543 931 1594 ipsa
950 1548 1083 1581 autem
1102 1543 1144 1581 in
1165 1543 1296 1582 Gallia

99 1612 145 1647 ut
168 1608 295 1647 nostri
317 1607 496 1647 homines
523 1607 750 1659 desperatas
774 1608 852 1646 iam
873 1608 1058 1658 pecunias
1078 1608 1292 1658 exigerent,

99 1672 298 1723 aequitate
327 1671 612 1724 diligentiaque
645 1672 819 1723 perfecit.
878 1672 939 1711 Tu
967 1673 1118 1711 interea
1146 1673 1295 1722 Romae

98 1736 247 1776 scilicet
284 1737 418 1776 amicis
463 1742 620 1788 praesto
665 1733 775 1775 fuisti
791 1752 801 1786 ς
849 1737 974 1775 fateor
990 1752 1000 1785 3
1046 1737 1115 1775 sed
1162 1742 1294 1776 tamen

98 1801 199 1840 illud
237 1802 376 1854 cogita,
417 1801 698 1840 nonnullorum
736 1802 952 1841 amicorum
995 1801 1127 1840 studia
1169 1803 1294 1841 minui

99 1865 223 1905 solere
256 1854 432 1914 mos,
473 1879 496 1904 a
542 1866 686 1917 quibus
732 1866 954 1920 provincias
1001 1867 1202 1905 contemni
1239 1867 1296 1905 in-

101 1929 303 1982 tellegunt.
364 1955 407 1976 v*

155 1993 267 2034 XXI.
297 1995 349 2034 Et
377 1996 564 2046 quoniam
591 1995 757 2043 ostendi,
785 1995 944 2042 iudices,
970 1995 1102 2046 parem
1129 1995 1296 2048 dignita-
1314 1998 1366 2040 43

103 2063 183 2098 tem
219 2059 271 2099 ad
306 2060 534 2103 consulatus
572 2059 817 2111 petitionem,
857 2060 1054 2115 disparem
1097 2061 1293 2100 fortunam

86 2119 402 2175 'proyincialium
458 2124 707 2176 negotiorum
764 2125 829 2162 in'
862 2124 1030 2163 Murena
1085 2130 1204 2176 atque
1254 2126 1293 2164 in

105 2182 279 2240 Sulpicio
305 2189 447 2236 fuisse,
486 2188 612 2228 dicam
650 2188 728 2227 iam
766 2189 951 2238 apertius,
991 2190 1033 2227 in
1071 2203 1149 2240 quo
1187 2203 1296 2228 meus

103 2253 344 2292 necessarius
363 2253 482 2292 fuerit
506 2253 678 2309 inferior,
699 2251 871 2301 Servius,
893 2259 933 2292 et
958 2267 1004 2293 ea
1029 2254 1156 2294 dicam
1184 2255 1295 2294 vobis
