<?xml version="1.0" encoding="UTF-8"?>
<!DOCTYPE html PUBLIC "-//W3C//DTD XHTML 1.0 Transitional//EN"
    "http://www.w3.org/TR/xhtml1/DTD/xhtml1-transitional.dtd">
<html xmlns="http://www.w3.org/1999/xhtml" xml:lang="en" lang="en">
 <head>
  <title>
</title>
<meta http-equiv="Content-Type" content="text/html;charset=utf-8" />
  <meta name='ocr-system' content='tesseract 3.04.00' />
  <meta name='ocr-capabilities' content='ocr_page ocr_carea ocr_par ocr_line ocrx_word'/>
</head>
<body>
  <div class='ocr_page' id='page_1' title='image "./prolmurenaoratio00cice/prolmurenaoratio00cice_0039.png"; bbox 0 0 1462 2398; ppageno 0'>
   <div class='ocr_carea' id='block_1_1' title="bbox 387 594 1030 639">
    <p class='ocr_par' dir='ltr' id='par_1_1' title="bbox 387 594 1030 639">
     <span class='ocr_line' id='line_1_1' title="bbox 387 594 1030 639; baseline -0.003 -1"><span class='ocrx_word' id='word_1_1' title='bbox 387 597 442 639; x_wconf 92' lang='lat' dir='ltr'>M.</span> <span class='ocrx_word' id='word_1_2' title='bbox 476 595 678 638; x_wconf 88' lang='lat' dir='ltr'><strong>TULLII</strong></span> <span class='ocrx_word' id='word_1_3' title='bbox 710 594 1030 637; x_wconf 82' lang='lat' dir='ltr'>CICERONIS</span> 
     </span>
    </p>
   </div>
   <div class='ocr_carea' id='block_1_2' title="bbox 233 702 1189 859">
    <p class='ocr_par' dir='ltr' id='par_1_2' title="bbox 233 702 1189 859">
     <span class='ocr_line' id='line_1_2' title="bbox 233 702 1189 755; baseline -0.003 0"><span class='ocrx_word' id='word_1_4' title='bbox 233 705 376 755; x_wconf 86' lang='lat' dir='ltr'>PRO</span> <span class='ocrx_word' id='word_1_5' title='bbox 426 704 484 753; x_wconf 91' lang='lat' dir='ltr'>L.</span> <span class='ocrx_word' id='word_1_6' title='bbox 534 703 864 752; x_wconf 89' lang='lat' dir='ltr'>MURENA</span> <span class='ocrx_word' id='word_1_7' title='bbox 913 702 1189 752; x_wconf 82' lang='lat' dir='ltr'><strong>ORATIO</strong></span> 
     </span>
     <span class='ocr_line' id='line_1_3' title="bbox 535 818 874 859; baseline -0.003 0"><span class='ocrx_word' id='word_1_8' title='bbox 535 818 874 859; x_wconf 84' lang='lat' dir='ltr'><strong>ADIUDIOES.</strong></span> 
     </span>
    </p>
   </div>
   <div class='ocr_carea' id='block_1_3' title="bbox 106 1023 1348 2236">
    <p class='ocr_par' dir='ltr' id='par_1_3' title="bbox 106 1023 1348 2236">
     <span class='ocr_line' id='line_1_4' title="bbox 162 1023 1347 1081; baseline -0.003 -11"><span class='ocrx_word' id='word_1_9' title='bbox 162 1030 191 1071; x_wconf 92' lang='grc' dir='ltr'>Ι.</span> <span class='ocrx_word' id='word_1_10' title='bbox 225 1029 340 1081; x_wconf 76' lang='lat' dir='ltr'>Quod</span> <span class='ocrx_word' id='word_1_11' title='bbox 366 1034 547 1081; x_wconf 84' lang='lat' dir='ltr'>precatus</span> <span class='ocrx_word' id='word_1_12' title='bbox 573 1042 595 1067; x_wconf 89' lang='lat' dir='ltr'>a</span> <span class='ocrx_word' id='word_1_13' title='bbox 621 1027 682 1066; x_wconf 83' lang='lat' dir='ltr'>dis</span> <span class='ocrx_word' id='word_1_14' title='bbox 708 1027 1000 1066; x_wconf 75' lang='lat' dir='ltr'><strong>immortalibus</strong></span> <span class='ocrx_word' id='word_1_15' title='bbox 1024 1041 1120 1076; x_wconf 89' lang='lat' dir='ltr'>sum,</span> <span class='ocrx_word' id='word_1_16' title='bbox 1142 1026 1301 1075; x_wconf 85' lang='lat' dir='ltr'>iudices,</span> <span class='ocrx_word' id='word_1_17' title='bbox 1322 1023 1347 1064; x_wconf 89' lang='grc'>1</span> 
     </span>
     <span class='ocr_line' id='line_1_5' title="bbox 107 1091 1304 1144; baseline -0.003 -10"><span class='ocrx_word' id='word_1_18' title='bbox 107 1108 215 1134; x_wconf 90' lang='lat' dir='ltr'>more</span> <span class='ocrx_word' id='word_1_19' title='bbox 249 1095 514 1144; x_wconf 87' lang='lat' dir='ltr'>institutoque</span> <span class='ocrx_word' id='word_1_20' title='bbox 544 1092 738 1131; x_wconf 87' lang='lat' dir='ltr'>maiorum</span> <span class='ocrx_word' id='word_1_21' title='bbox 774 1091 843 1130; x_wconf 93' lang='lat' dir='ltr'>illo</span> <span class='ocrx_word' id='word_1_22' title='bbox 876 1091 951 1139; x_wconf 89' lang='lat' dir='ltr'>die,</span> <span class='ocrx_word' id='word_1_23' title='bbox 987 1105 1064 1143; x_wconf 92' lang='lat' dir='ltr'>quo</span> <span class='ocrx_word' id='word_1_24' title='bbox 1103 1093 1304 1143; x_wconf 84' lang='lat' dir='ltr'>auspicato</span> 
     </span>
     <span class='ocr_line' id='line_1_6' title="bbox 106 1156 1302 1205; baseline -0.003 -6"><span class='ocrx_word' id='word_1_25' title='bbox 106 1159 276 1199; x_wconf 86' lang='lat' dir='ltr'>comitiis</span> <span class='ocrx_word' id='word_1_26' title='bbox 296 1158 528 1198; x_wconf 84' lang='lat' dir='ltr'>centuriatis</span> <span class='ocrx_word' id='word_1_27' title='bbox 547 1157 591 1196; x_wconf 90' lang='lat' dir='ltr'>L.</span> <span class='ocrx_word' id='word_1_28' title='bbox 608 1156 820 1196; x_wconf 90' lang='lat' dir='ltr'>Murenam</span> <span class='ocrx_word' id='word_1_29' title='bbox 846 1156 1047 1195; x_wconf 87' lang='lat' dir='ltr'>consulem</span> <span class='ocrx_word' id='word_1_30' title='bbox 1066 1157 1302 1205; x_wconf 77' lang='lat' dir='ltr'>renuntiavi,</span> 
     </span>
     <span class='ocr_line' id='line_1_7' title="bbox 106 1208 1304 1282; baseline -0.003 -19"><span class='ocrx_word' id='word_1_31' title='bbox 106 1228 153 1280; x_wconf 85' lang='lat' dir='ltr'>ut</span> <span class='ocrx_word' id='word_1_32' title='bbox 190 1237 236 1264; x_wconf 89' lang='lat' dir='ltr'>ea</span> <span class='ocrx_word' id='word_1_33' title='bbox 272 1236 335 1265; x_wconf 77' lang='lat' dir='ltr'>res</span> <span class='ocrx_word' id='word_1_34' title='bbox 372 1222 482 1270; x_wconf 91' lang='lat' dir='ltr'>mihi,</span> <span class='ocrx_word' id='word_1_35' title='bbox 522 1221 614 1282; x_wconf 73' lang='lat' dir='ltr'>fidei</span> <span class='ocrx_word' id='word_1_36' title='bbox 651 1208 982 1278; x_wconf 67' lang='lat' dir='ltr'>magistratuique</span> <span class='ocrx_word' id='word_1_37' title='bbox 1019 1234 1118 1270; x_wconf 83' lang='lat' dir='ltr'>meo,</span> <span class='ocrx_word' id='word_1_38' title='bbox 1158 1221 1304 1280; x_wconf 86' lang='lat' dir='ltr'>populo</span> 
     </span>
     <span class='ocr_line' id='line_1_8' title="bbox 106 1285 1301 1340; baseline -0.003 -12"><span class='ocrx_word' id='word_1_39' title='bbox 106 1288 291 1340; x_wconf 89' lang='lat' dir='ltr'>plebique</span> <span class='ocrx_word' id='word_1_40' title='bbox 311 1288 513 1327; x_wconf 80' lang='lat' dir='ltr'>Romanae</span> <span class='ocrx_word' id='word_1_41' title='bbox 532 1287 632 1326; x_wconf 90' lang='lat' dir='ltr'>bene</span> <span class='ocrx_word' id='word_1_42' title='bbox 657 1291 775 1336; x_wconf 90' lang='lat' dir='ltr'>atque</span> <span class='ocrx_word' id='word_1_43' title='bbox 800 1285 969 1325; x_wconf 73' lang='lat' dir='ltr'>feliciter</span> <span class='ocrx_word' id='word_1_44' title='bbox 990 1286 1178 1333; x_wconf 83' lang='lat' dir='ltr'>eveniret,</span> <span class='ocrx_word' id='word_1_45' title='bbox 1199 1285 1301 1328; x_wconf 91' lang='lat' dir='ltr'>idem</span> 
     </span>
     <span class='ocr_line' id='line_1_9' title="bbox 107 1346 1304 1405; baseline -0.003 -12"><span class='ocrx_word' id='word_1_46' title='bbox 107 1366 244 1405; x_wconf 83' lang='lat' dir='ltr'>precor</span> <span class='ocrx_word' id='word_1_47' title='bbox 263 1353 312 1392; x_wconf 89' lang='lat' dir='ltr'>ab</span> <span class='ocrx_word' id='word_1_48' title='bbox 331 1351 457 1391; x_wconf 81' lang='lat' dir='ltr'>isdem</span> <span class='ocrx_word' id='word_1_49' title='bbox 477 1346 538 1390; x_wconf 80' lang='lat' dir='ltr'>dis</span> <span class='ocrx_word' id='word_1_50' title='bbox 557 1350 848 1389; x_wconf 73' lang='lat' dir='ltr'>immortalibus</span> <span class='ocrx_word' id='word_1_51' title='bbox 869 1350 919 1402; x_wconf 80' lang='lat' dir='ltr'>ob</span> <span class='ocrx_word' id='word_1_52' title='bbox 938 1350 1113 1389; x_wconf 89' lang='lat' dir='ltr'>eiusdem</span> <span class='ocrx_word' id='word_1_53' title='bbox 1134 1350 1304 1391; x_wconf 59' lang='lat' dir='ltr'>hominis</span> 
     </span>
     <span class='ocr_line' id='line_1_10' title="bbox 109 1414 1304 1470; baseline -0.003 -14"><span class='ocrx_word' id='word_1_54' title='bbox 109 1417 357 1456; x_wconf 83' lang='lat' dir='ltr'>consulatum</span> <span class='ocrx_word' id='word_1_55' title='bbox 376 1430 456 1454; x_wconf 92' lang='lat' dir='ltr'>una</span> <span class='ocrx_word' id='word_1_56' title='bbox 475 1429 564 1470; x_wconf 80' lang='lat' dir='ltr'>cum</span> <span class='ocrx_word' id='word_1_57' title='bbox 583 1415 708 1454; x_wconf 84' lang='lat' dir='ltr'>salute</span> <span class='ocrx_word' id='word_1_58' title='bbox 729 1414 1001 1463; x_wconf 84' lang='lat' dir='ltr'>obtinendum,</span> <span class='ocrx_word' id='word_1_59' title='bbox 1025 1418 1065 1454; x_wconf 89' lang='lat' dir='ltr'>et</span> <span class='ocrx_word' id='word_1_60' title='bbox 1082 1420 1132 1470; x_wconf 67' lang='lat' dir='ltr'>pt</span> <span class='ocrx_word' id='word_1_61' title='bbox 1151 1420 1304 1454; x_wconf 90' lang='lat' dir='ltr'>vestrae</span> 
     </span>
     <span class='ocr_line' id='line_1_11' title="bbox 108 1479 1306 1531; baseline -0.001 -11"><span class='ocrx_word' id='word_1_62' title='bbox 108 1487 261 1520; x_wconf 86' lang='lat' dir='ltr'>mentes</span> <span class='ocrx_word' id='word_1_63' title='bbox 290 1485 410 1531; x_wconf 87' lang='lat' dir='ltr'>atque</span> <span class='ocrx_word' id='word_1_64' title='bbox 439 1479 660 1518; x_wconf 86' lang='lat' dir='ltr'>sententiae</span> <span class='ocrx_word' id='word_1_65' title='bbox 689 1492 778 1517; x_wconf 89' lang='lat' dir='ltr'>cum</span> <span class='ocrx_word' id='word_1_66' title='bbox 804 1479 941 1530; x_wconf 90' lang='lat' dir='ltr'>populi</span> <span class='ocrx_word' id='word_1_67' title='bbox 971 1479 1140 1518; x_wconf 85' lang='lat' dir='ltr'>Romani</span> <span class='ocrx_word' id='word_1_68' title='bbox 1169 1479 1306 1519; x_wconf 86' lang='lat' dir='ltr'>volun-</span> 
     </span>
     <span class='ocr_line' id='line_1_12' title="bbox 109 1543 1305 1596; baseline -0.001 -12"><span class='ocrx_word' id='word_1_69' title='bbox 109 1545 258 1584; x_wconf 77' lang='lat' dir='ltr'>tatibus</span> <span class='ocrx_word' id='word_1_70' title='bbox 281 1544 553 1596; x_wconf 85' lang='lat' dir='ltr'>suffragiisque</span> <span class='ocrx_word' id='word_1_71' title='bbox 582 1543 832 1582; x_wconf 86' lang='lat' dir='ltr'>consentiant</span> <span class='ocrx_word' id='word_1_72' title='bbox 860 1557 982 1594; x_wconf 89' lang='lat' dir='ltr'>eaque</span> <span class='ocrx_word' id='word_1_73' title='bbox 1010 1557 1071 1583; x_wconf 87' lang='lat' dir='ltr'>res</span> <span class='ocrx_word' id='word_1_74' title='bbox 1099 1544 1211 1583; x_wconf 87' lang='lat' dir='ltr'>vobis</span> <span class='ocrx_word' id='word_1_75' title='bbox 1239 1558 1305 1596; x_wconf 87' lang='lat' dir='ltr'>po-</span> 
     </span>
     <span class='ocr_line' id='line_1_13' title="bbox 109 1608 1304 1661; baseline -0.001 -13"><span class='ocrx_word' id='word_1_76' title='bbox 109 1609 280 1661; x_wconf 88' lang='lat' dir='ltr'>puloque</span> <span class='ocrx_word' id='word_1_77' title='bbox 308 1609 487 1648; x_wconf 82' lang='lat' dir='ltr'>Romano</span> <span class='ocrx_word' id='word_1_78' title='bbox 516 1621 662 1660; x_wconf 89' lang='lat' dir='ltr'>pacem,</span> <span class='ocrx_word' id='word_1_79' title='bbox 689 1608 1031 1658; x_wconf 76' lang='lat' dir='ltr'>tranquillitatem,</span> <span class='ocrx_word' id='word_1_80' title='bbox 1063 1609 1187 1648; x_wconf 90' lang='lat' dir='ltr'>otium</span> <span class='ocrx_word' id='word_1_81' title='bbox 1218 1622 1304 1648; x_wconf 91' lang='lat' dir='ltr'>con-</span> 
     </span>
     <span class='ocr_line' id='line_1_14' title="bbox 109 1672 1303 1725; baseline 0 -12"><span class='ocrx_word' id='word_1_82' title='bbox 109 1673 360 1725; x_wconf 87' lang='lat' dir='ltr'>cordiamque</span> <span class='ocrx_word' id='word_1_83' title='bbox 375 1672 537 1712; x_wconf 86' lang='lat' dir='ltr'>adferat.</span> <span class='ocrx_word' id='word_1_84' title='bbox 587 1672 738 1721; x_wconf 78' lang='lat' dir='ltr'>Quodsi</span> <span class='ocrx_word' id='word_1_85' title='bbox 751 1672 819 1711; x_wconf 92' lang='lat' dir='ltr'>illa</span> <span class='ocrx_word' id='word_1_86' title='bbox 833 1672 1034 1712; x_wconf 85' lang='lat' dir='ltr'>sollemnis</span> <span class='ocrx_word' id='word_1_87' title='bbox 1053 1674 1303 1713; x_wconf 87' lang='lat' dir='ltr'>comitiorum</span> 
     </span>
     <span class='ocr_line' id='line_1_15' title="bbox 108 1737 1302 1790; baseline -0.001 -12"><span class='ocrx_word' id='word_1_88' title='bbox 108 1738 284 1790; x_wconf 86' lang='lat' dir='ltr'>precatio</span> <span class='ocrx_word' id='word_1_89' title='bbox 329 1737 599 1777; x_wconf 84' lang='lat' dir='ltr'>consularibus</span> <span class='ocrx_word' id='word_1_90' title='bbox 645 1737 828 1788; x_wconf 83' lang='lat' dir='ltr'>auspiciis</span> <span class='ocrx_word' id='word_1_91' title='bbox 874 1742 1098 1776; x_wconf 86' lang='lat' dir='ltr'>consecrata</span> <span class='ocrx_word' id='word_1_92' title='bbox 1150 1743 1302 1777; x_wconf 82' lang='lat' dir='ltr'>tantam</span> 
     </span>
     <span class='ocr_line' id='line_1_16' title="bbox 109 1801 1303 1853; baseline 0 -11"><span class='ocrx_word' id='word_1_93' title='bbox 109 1802 230 1842; x_wconf 86' lang='lat' dir='ltr'>habet</span> <span class='ocrx_word' id='word_1_94' title='bbox 252 1803 293 1842; x_wconf 89' lang='lat' dir='ltr'>in</span> <span class='ocrx_word' id='word_1_95' title='bbox 319 1815 360 1841; x_wconf 87' lang='lat' dir='ltr'>se</span> <span class='ocrx_word' id='word_1_96' title='bbox 386 1802 469 1841; x_wconf 89' lang='lat' dir='ltr'>vim</span> <span class='ocrx_word' id='word_1_97' title='bbox 494 1807 535 1841; x_wconf 93' lang='lat' dir='ltr'>et</span> <span class='ocrx_word' id='word_1_98' title='bbox 558 1801 800 1853; x_wconf 86' lang='lat' dir='ltr'>religionem,</span> <span class='ocrx_word' id='word_1_99' title='bbox 822 1807 1011 1852; x_wconf 85' lang='lat' dir='ltr'>quantam</span> <span class='ocrx_word' id='word_1_100' title='bbox 1040 1801 1097 1841; x_wconf 91' lang='lat' dir='ltr'>rei</span> <span class='ocrx_word' id='word_1_101' title='bbox 1124 1803 1303 1853; x_wconf 89' lang='lat' dir='ltr'>publicae</span> 
     </span>
     <span class='ocr_line' id='line_1_17' title="bbox 111 1865 1303 1918; baseline 0 -12"><span class='ocrx_word' id='word_1_102' title='bbox 111 1867 284 1918; x_wconf 80' lang='lat' dir='ltr'>dignitas</span> <span class='ocrx_word' id='word_1_103' title='bbox 326 1866 514 1918; x_wconf 83' lang='lat' dir='ltr'>postulat,</span> <span class='ocrx_word' id='word_1_104' title='bbox 553 1865 660 1905; x_wconf 90' lang='lat' dir='ltr'>idem</span> <span class='ocrx_word' id='word_1_105' title='bbox 698 1879 769 1917; x_wconf 88' lang='lat' dir='ltr'>ego</span> <span class='ocrx_word' id='word_1_106' title='bbox 807 1879 894 1904; x_wconf 88' lang='lat' dir='ltr'>sum</span> <span class='ocrx_word' id='word_1_107' title='bbox 930 1871 1125 1917; x_wconf 85' lang='lat' dir='ltr'>precatus,</span> <span class='ocrx_word' id='word_1_108' title='bbox 1163 1873 1210 1906; x_wconf 91' lang='lat' dir='ltr'>ut</span> <span class='ocrx_word' id='word_1_109' title='bbox 1255 1868 1303 1906; x_wconf 84' lang='lat' dir='ltr'>iis</span> 
     </span>
     <span class='ocr_line' id='line_1_18' title="bbox 111 1931 1303 1983; baseline 0.001 -13"><span class='ocrx_word' id='word_1_110' title='bbox 111 1944 267 1982; x_wconf 87' lang='lat' dir='ltr'>quoque</span> <span class='ocrx_word' id='word_1_111' title='bbox 292 1931 530 1978; x_wconf 87' lang='lat' dir='ltr'>hominibus,</span> <span class='ocrx_word' id='word_1_112' title='bbox 551 1931 694 1980; x_wconf 85' lang='lat' dir='ltr'>quibus</span> <span class='ocrx_word' id='word_1_113' title='bbox 719 1931 782 1970; x_wconf 90' lang='lat' dir='ltr'>hic</span> <span class='ocrx_word' id='word_1_114' title='bbox 809 1931 1035 1970; x_wconf 83' lang='lat' dir='ltr'>consulatus</span> <span class='ocrx_word' id='word_1_115' title='bbox 1059 1945 1120 1971; x_wconf 90' lang='lat' dir='ltr'>me</span> <span class='ocrx_word' id='word_1_116' title='bbox 1140 1938 1303 1983; x_wconf 86' lang='lat' dir='ltr'>rogante</span> 
     </span>
     <span class='ocr_line' id='line_1_19' title="bbox 112 1995 1303 2049; baseline 0.001 -14"><span class='ocrx_word' id='word_1_117' title='bbox 112 1995 228 2035; x_wconf 78' lang='lat' dir='ltr'>datus</span> <span class='ocrx_word' id='word_1_118' title='bbox 275 2000 388 2044; x_wconf 86' lang='lat' dir='ltr'>esset,</span> <span class='ocrx_word' id='word_1_119' title='bbox 439 2009 485 2034; x_wconf 92' lang='lat' dir='ltr'>ea</span> <span class='ocrx_word' id='word_1_120' title='bbox 534 2008 595 2049; x_wconf 83' lang='lat' dir='ltr'>res</span> <span class='ocrx_word' id='word_1_121' title='bbox 642 1995 781 2042; x_wconf 80' lang='lat' dir='ltr'>fauste,</span> <span class='ocrx_word' id='word_1_122' title='bbox 827 1995 995 2034; x_wconf 88' lang='lat' dir='ltr'>feliciter</span> <span class='ocrx_word' id='word_1_123' title='bbox 1039 2009 1303 2048; x_wconf 83' lang='lat' dir='ltr'>prospereque</span> 
     </span>
     <span class='ocr_line' id='line_1_20' title="bbox 112 2052 1348 2118; baseline 0.001 -19"><span class='ocrx_word' id='word_1_124' title='bbox 112 2059 302 2100; x_wconf 87' lang='lat' dir='ltr'>eveniret:</span> <span class='ocrx_word' id='word_1_125' title='bbox 356 2060 464 2108; x_wconf 78' lang='lat' dir='ltr'>Quae</span> <span class='ocrx_word' id='word_1_126' title='bbox 493 2052 582 2098; x_wconf 83' lang='lat' dir='ltr'>cum</span> <span class='ocrx_word' id='word_1_127' title='bbox 609 2059 667 2098; x_wconf 84' lang='lat' dir='ltr'>ita</span> <span class='ocrx_word' id='word_1_128' title='bbox 691 2059 783 2106; x_wconf 86' lang='lat' dir='ltr'>sint,</span> <span class='ocrx_word' id='word_1_129' title='bbox 810 2059 970 2107; x_wconf 84' lang='lat' dir='ltr'>iudices,</span> <span class='ocrx_word' id='word_1_130' title='bbox 999 2065 1038 2098; x_wconf 94' lang='lat' dir='ltr'>et</span> <span class='ocrx_word' id='word_1_131' title='bbox 1062 2074 1150 2099; x_wconf 85' lang='lat' dir='ltr'>cum</span> <span class='ocrx_word' id='word_1_132' title='bbox 1176 2062 1304 2100; x_wconf 85' lang='lat' dir='ltr'>omnis</span> <span class='ocrx_word' id='word_1_133' title='bbox 1316 2059 1348 2118; x_wconf 58' lang='grc' dir='ltr'><em>ἓ</em></span> 
     </span>
     <span class='ocr_line' id='line_1_21' title="bbox 113 2117 1321 2175; baseline 0.001 -11"><span class='ocrx_word' id='word_1_134' title='bbox 113 2123 276 2164; x_wconf 85' lang='lat' dir='ltr'>deorum</span> <span class='ocrx_word' id='word_1_135' title='bbox 311 2123 596 2163; x_wconf 85' lang='lat' dir='ltr'>immortalium</span> <span class='ocrx_word' id='word_1_136' title='bbox 632 2127 807 2175; x_wconf 82' lang='lat' dir='ltr'>potestas</span> <span class='ocrx_word' id='word_1_137' title='bbox 843 2130 913 2163; x_wconf 90' lang='lat' dir='ltr'>aut</span> <span class='ocrx_word' id='word_1_138' title='bbox 945 2125 1137 2164; x_wconf 86' lang='lat' dir='ltr'>translata</span> <span class='ocrx_word' id='word_1_139' title='bbox 1169 2126 1222 2164; x_wconf 87' lang='lat' dir='ltr'>sit</span> <span class='ocrx_word' id='word_1_140' title='bbox 1253 2117 1321 2165; x_wconf 37' lang='lat' dir='ltr'>ad*</span> 
     </span>
     <span class='ocr_line' id='line_1_22' title="bbox 113 2178 1304 2236; baseline 0.003 -9"><span class='ocrx_word' id='word_1_141' title='bbox 113 2201 183 2227; x_wconf 84' lang='lat' dir='ltr'>vos</span> <span class='ocrx_word' id='word_1_142' title='bbox 209 2193 277 2228; x_wconf 85' lang='lat' dir='ltr'>aut</span> <span class='ocrx_word' id='word_1_143' title='bbox 301 2193 406 2228; x_wconf 81' lang='lat' dir='ltr'>certe</span> <span class='ocrx_word' id='word_1_144' title='bbox 431 2188 717 2227; x_wconf 85' lang='lat' dir='ltr'>communicata</span> <span class='ocrx_word' id='word_1_145' title='bbox 739 2178 953 2236; x_wconf 52' lang='lat' dir='ltr'>hobiscum,</span> <span class='ocrx_word' id='word_1_146' title='bbox 973 2189 1079 2228; x_wconf 89' lang='lat' dir='ltr'>idem</span> <span class='ocrx_word' id='word_1_147' title='bbox 1104 2190 1304 2231; x_wconf 78' lang='lat' dir='ltr'>consulem</span> 
     </span>
    </p>
   </div>
   <div class='ocr_carea' id='block_1_4' title="bbox 215 2261 714 2298">
    <p class='ocr_par' dir='ltr' id='par_1_4' title="bbox 215 2261 714 2298">
     <span class='ocr_line' id='line_1_23' title="bbox 215 2261 714 2298; baseline -0.014 0"><span class='ocrx_word' id='word_1_148' title='bbox 215 2264 243 2298; x_wconf 67' lang='grc' dir='ltr'><em>ὃ</em></span> <span class='ocrx_word' id='word_1_149' title='bbox 700 2261 714 2291; x_wconf 92' lang='lat' dir='ltr'>l</span> 
     </span>
    </p>
   </div>
  </div>
 </body>
</html>
