1462 2398
173 157 224 194 40
538 158 642 197 PRO
670 158 711 197 L.
744 158 998 197 MURENA.

171 269 272 307 quae
301 256 542 297 diuturnitas
570 258 728 310 imperii
761 258 1002 310 comprobat,
1032 259 1199 297 nimium
1232 271 1368 298 severa

171 322 349 360 oratione
386 322 685 373 reprehendere.
757 323 852 362 Fuit
889 323 1024 362 eodem
1060 337 1109 362 ex
1142 323 1274 363 studio
1306 325 1368 363 vir

170 386 350 425 eruditus
388 387 492 438 apud
530 393 663 438 patres
693 393 850 427 nostros
883 393 924 427 et
955 388 1144 428 honestus
1177 388 1295 427 homo
1327 393 1368 427 et

170 451 322 498 nobilis,
358 451 402 500 Q.
443 452 610 492 Tubero.
669 452 720 501 Is,
760 466 849 491 cum
887 453 1047 504 epulum
1085 453 1130 501 Q.
1166 452 1367 492 Maximus

170 515 211 555 P.
262 516 451 562 Africani,
491 518 622 568 patrui
669 518 740 566 sui,
789 518 949 556 nomine
995 517 1141 568 populo
1187 517 1366 556 Romano

168 579 292 629 daret,
314 586 475 632 rogatus
501 587 562 620 est
587 595 610 620 a
635 582 824 630 Maximo,
846 587 893 620 ut
917 582 1132 621 triclinium
1159 586 1354 639 sterneret

169 658 257 684 cum
295 650 398 684 esset
436 646 594 685 Tubero
631 646 808 685 eiusdem
845 647 1025 686 Africani
1063 647 1207 686 sororis
1247 647 1361 686 filius.

169 710 303 761 Atque
340 710 418 759 ille,
458 711 576 750 homo
614 711 904 750 eruditissimus
943 725 985 750 ac
1024 711 1190 759 Stoicus,
1225 711 1367 750 stravit

169 775 362 826 pelliculis
399 776 581 815 haedinis
618 775 783 815 lectulos
825 776 1048 815 Punicanos
1096 781 1136 816 et
1181 776 1367 827 exposuit

168 853 262 879 vasa
288 839 431 890 Samia,
461 841 573 892 quasi
599 854 693 880 vero
719 846 822 880 esset
846 841 1047 892 Diogenes
1072 841 1245 892 Cynicus
1267 854 1367 880 mor-

167 908 261 943 tuus
290 910 331 944 et
358 919 438 944 non
465 905 591 944 divini
616 905 788 944 hominis
814 905 993 944 Africani
1015 919 1120 944 mors
1143 905 1395 945 honestare·
1452 942 1462 977 l

168 973 259 1018 tur3
288 983 405 1021 quem
426 984 514 1009 cum
535 983 718 1021 supremo
745 970 829 1009 eius
854 970 919 1010 die
946 970 1148 1010 Maximus
1172 970 1363 1019 laudaret,
1393 966 1443 997 Μ

167 1034 315 1086 gratias
350 1035 431 1086 egit
464 1035 524 1074 dis
555 1034 858 1083 immortalibus,
894 1035 1000 1086 quod
1030 1034 1097 1074 ille
1130 1035 1192 1074 vir
1222 1035 1264 1074 in
1293 1035 1366 1075 hac

167 1112 209 1138 re
248 1099 406 1151 publica
442 1100 695 1152 potissimum
732 1105 850 1139 natus
887 1105 990 1139 esset
1005 1115 1016 1149 3
1062 1113 1220 1140 necesse
1259 1100 1366 1139 enim

167 1164 287 1203 fuisse
329 1164 386 1204 ibi
424 1177 508 1204 esse
546 1170 741 1203 terrarum
779 1165 1002 1215 imperium,
1041 1165 1108 1203 ubi
1146 1164 1212 1204 ille
1249 1169 1362 1204 esset.

170 1228 300 1267 Huius
337 1229 379 1267 in
417 1233 544 1268 morte
582 1228 817 1268 celebranda
854 1229 1030 1280 graviter
1066 1228 1161 1267 tulit
1196 1228 1366 1280 populus

168 1293 371 1332 Romanus
414 1293 515 1332 hanc
562 1306 789 1352 pervggsam
835 1293 1072 1344 sapientiam
1117 1293 1338 1332 Tuberonis
1353 1307 1365 1342 3

97 1355 150 1398 76
168 1357 303 1408 itaque
333 1358 453 1397 homo
483 1358 773 1409 integerrimus,
805 1357 902 1396 civis
929 1357 1112 1408 optimus,
1142 1370 1232 1396 cum
1262 1362 1366 1397 esset

167 1421 211 1461 L.
248 1422 363 1461 Pauli
395 1435 529 1474 nepos,
565 1423 608 1461 P.
644 1422 833 1470 Africani,
869 1426 916 1461 ut
947 1421 1044 1470 dixi,
1075 1423 1220 1461 sororis
1247 1422 1364 1471 filius,

169 1486 229 1524 his
262 1486 442 1525 haedinis
476 1487 669 1538 pelliculis
707 1491 892 1538 praetura
925 1485 1102 1525 deiectus
1139 1491 1210 1525 est.
1267 1485 1366 1526 Odit

168 1551 338 1602 populus
357 1551 560 1590 Romanus
583 1551 781 1602 privatam
806 1551 1017 1597 luxuriam,
1040 1550 1239 1602 publicam
1261 1563 1367 1602 mag-

168 1615 410 1654 nificentiam
437 1616 596 1667 diligit;
624 1629 706 1654 non
731 1621 838 1654 amat
864 1615 1044 1666 profusas
1064 1615 1210 1666 epulas,
1231 1614 1364 1654 sordes

168 1685 208 1719 et
244 1680 578 1719 inhumanitatem
613 1680 741 1719 multo
774 1675 904 1718 minus
920 1694 931 1728 3
967 1679 1180 1732 distinguit
1210 1679 1365 1735 ratione

169 1745 383 1783 officiorum
430 1759 474 1784 ac
519 1750 745 1802 temporum
785 1743 1100 1782 vicissitudinem
1138 1744 1284 1783 laboris
1320 1735 1364 1783 ac

168 1809 396 1859 voluptatis.
455 1809 559 1847 Nam
586 1809 694 1860 quod
723 1809 780 1847 ais
806 1808 915 1847 nulla
942 1821 984 1847 re
1013 1808 1130 1846 adlici
1157 1807 1364 1848 hominum

169 1879 322 1912 mentes
359 1878 541 1925 oportere
579 1873 629 1912 ad
665 1873 942 1924 magistratum
979 1872 1250 1911 mandandum
1286 1873 1366 1912 nisi

142 1927 144 1930 .
169 1938 376 1990 dignitate,
412 1938 486 1977 hoc
518 1942 565 1976 tu
596 1938 691 1988 ipse,
721 1938 764 1975 in
791 1950 869 1988 quo
899 1950 1053 1976 summa
1083 1941 1143 1976 est
1175 1937 1360 1987 dignitas,

168 2017 249 2042 non
281 2016 422 2042 servas.
481 2002 563 2042 Cur
595 2003 701 2041 enim
733 2015 981 2053 quemquam,
1012 2006 1059 2040 ut
1086 2001 1255 2040 studeat·
1275 1983 1431 2051 tibi(

169 2073 215 2107 ut
234 2073 274 2106 te
294 2067 469 2115 adiuvet,
491 2080 603 2118 rogas
621 2069 634 2106 ’ἰ
691 2067 822 2117 Rogas
848 2071 893 2105 tu
917 2078 993 2112 me,
1012 2070 1059 2104 ut
1084 2066 1183 2104 mihi
1202 2066 1360 2118 praesis,

169 2138 215 2171 ut
247 2132 495 2171 committam
528 2145 600 2182 ego
631 2145 694 2170 me
727 2131 829 2169 tibi‘l
884 2130 989 2179 Quid
1022 2130 1216 2170 tandeml
1261 2131 1364 2171 istuc

169 2210 232 2235 me
259 2195 389 2248 rogari
415 2201 574 2247 oportet
601 2196 670 2234 abs
699 2200 738 2234 te
767 2208 815 2234 an
846 2200 886 2234 te
914 2195 1046 2246 potius
1075 2209 1098 2234 a
1119 2208 1194 2244 me,
1223 2199 1270 2235 ut
1290 2207 1364 2247 pro

99 2261 153 2304 77
170 2274 257 2300 mea
284 2261 411 2300 salute
440 2261 615 2299 laborem
643 2260 939 2311 periculumque
968 2260 1186 2310 suscipias‘l
1242 2258 1360 2308 Quid,
