1462 2398
451 143 554 182 PRO
583 143 624 182 L.
657 143 913 182 MURENA.
1230 145 1275 182 31

137 235 343 282 XXV111.'
365 243 493 282 Venio
513 256 617 282 nunc
637 243 687 282 ad
708 243 762 282 M.
786 243 990 292 Catonem,
1013 244 1120 299 qupd
1141 248 1201 282 est
1220 244 1282 282 fir—
1298 241 1351 284 58
1380 290 1388 301 Α

84 312 328 346 mamentum
357 321 400 346 ac
428 308 549 347 robur
576 308 701 347 totius
730 308 989 348 accusationis
1005 323 1016 357 3
1049 309 1117 360 qui
1145 314 1279 361 tamen
1298 308 1307 338 f

82 370 140 409 ita
167 372 298 423 gravis
325 377 384 411 est
410 377 613 412 accusator
633 377 672 411 et
691 373 914 421 vehemens,
937 378 982 412 ut
1002 374 1129 413 multo
1155 374 1281 425 magis

84 436 166 475 eius
195 437 472 477 auctoritatem
499 451 620 488 quam
649 438 965 477 criminationem
993 439 1277 490 pertimescam.

84 500 132 538 In
161 514 240 552 quo
269 515 341 553 ego
370 508 606 548 accusatore,
636 502 795 550 iudices,
817 503 990 554 primum
1018 504 1119 543 illud
1147 504 1282 556 depre-

85 565 213 614 cabor,
245 579 294 605 ne
326 566 421 617 quid
452 556 494 605 L'.
530 567 720 606 Murenae
752 567 926 619 dignitas
955 568 1073 615 illius,
1103 582 1153 608 ne
1184 568 1281 620 quid

84 631 329 681 exspectatio
358 631 595 679 tribunatus,
617 645 667 670 ne
691 632 788 683 quid
817 633 941 671 totius
964 633 1070 672 vitae
1094 633 1283 685 splendor

83 699 123 733 et
156 696 332 746 gravitas
366 701 518 743 noceat,
553 696 724 747 denique
757 710 807 735 ne
841 710 886 735 ea
917 697 989 736 soli
1022 697 1114 736 huic
1149 698 1282 737 obsint

84 759 188 811 bqna
219 760 276 799 M.
313 760 487 809 Catonis,
525 775 624 812 quae
657 761 724 800 ille
758 761 926 812 adeptus
960 767 1031 810 est,
1065 767 1112 801 ut
1145 763 1281 802 multis

85 824 269 876 prodesse
301 831 442 876 posset.
503 825 571 865 Bis
600 825 736 865 consul
769 826 898 865 fuerat
926 826 970 865 P.
1001 826 1212 866 Africanus
1238 820 1282 867 'et

85 889 185 928 duos
221 894 393 931 terrores
430 891 546 929 huius
584 891 752 942 imperii,
787 890 1069 943 Carthaginem
1107 892 1282 931 Numan-

85 954 272 1005 tiamque,
297 955 510 1003 deleverat,
542 969 630 994 cum
659 956 858 994 accusavit
886 956 928 995 L.
953 955 1123 995 Cottam.
1184 957 1282 996 Erat

83 1019 125 1058 in
156 1032 203 1058 eo
233 1033 387 1059 summa
415 1020 652 1071 eloquentia,
682 1033 835 1072 summa
863 1020 972 1067 fides,
1003 1034 1158 1060 summa
1183 1021 1283 1061 inte-

83 1083 219 1136 gritas,
258 1087 474 1124 auctoritas
511 1089 634 1132 tanta,
675 1090 825 1135 quanta
861 1085 904 1123 in
941 1085 1108 1136 imperio
1145 1086 1281 1138 populi

83 1147 265 1213 ¹Romani,
305 1149 413 1201 quod
450 1149 557 1188 illius
595 1163 715 1200 opera
751 1149 972 1189 tenebatur.
1046 1150 1171 1202 Saepe
1208 1151 1282 1191 hoc

83 1213 259 1269 maiores,
270 1219 368 1257 natu
387 1214 518 1253 dicere
540 1214 686 1263 audivi,
710 1215 811 1254 hanc
830 1215 1066 1254 accusatoris
1095 1216 1282 1255 eximiam

83 1278 322 1331 dignitatem
341 1279 556 1331 plurimum
571 1280 614 1319 L.
633 1279 775 1319 Cottae
794 1281 996 1331 profuisse.
1055 1281 1283 1321 Noluerunt

83 1344 366 1395 sapientissimi
394 1345 586 1392 homines,
609 1345 678 1396 qui
698 1350 784 1384 tum
804 1359 887 1384 rem
908 1345 1018 1384 illam
1036 1346 1280 1395 iudicabant,

84 1410 140 1448 ita
165 1423 404 1460 quemquam
431 1410 570 1448 cadere
596 1410 636 1448 in
662 1409 821 1457 iudicio,
843 1415 890 1449 ut
907 1411 1042 1449 nimiis
1064 1411 1280 1451 adversarii

85 1473 236 1512 viribus
276 1474 454 1512 abiectus
494 1474 708 1514 videretur.
784 1474 918 1523 Quid2
990 1476 1072 1515 Ser.
1112 1477 1280 1516 Galbam
1298 1471 1352 1514 59

82 1538 194 1590 (nam
234 1537 428 1576 traditum
469 1539 681 1578 memoriae
724 1541 801 1591 est)
843 1553 975 1579 nonne
1013 1555 1160 1592 proavo
1197 1547 1278 1591 tuo,

84 1602 300 1642 fortissimo
355 1607 475 1654 atque
531 1603 810 1643 florentissimo
861 1605 958 1654 viro,
1017 1606 1072 1645 M.
1123 1606 1278 1656 Catoni,

83 1667 327 1706 incumbenti
371 1667 422 1707 ad
469 1669 551 1707 eius
597 1669 812 1720 perniciem
859 1670 1028 1721 populus
1075 1671 1280 1712 Romanus

83 1732 260 1783 eripuit?
314 1732 490 1787 Semper?
510 1733 554 1771 in
586 1733 659 1772 hac
692 1734 852 1773 civitate
886 1735 1004 1773 nimis
1036 1736 1189 1787 magnis
1222 1750 1280 1776 ac-

31 1823 33 1826 >
83 1801 308 1836 cusatorum
337 1797 487 1848 opibus·
507 1802 548 1836 et
575 1798 745 1849 populus
772 1799 979 1838 universus
1012 1805 1053 1839 et
1083 1802 1280 1852 sapientes

82 1874 126 1900 ac
160 1861 331 1900 multum
363 1861 406 1901 in
439 1867 642 1913 posterum
674 1863 958 1914 prospicientes
990 1865 1138 1904 iudices
1170 1867 1281 1906 resti-

83 1930 230 1965 terunt.
289 1916 393 1965 Nolo
425 1931 643 1981 accusator>
661 1927 702 1965 in
735 1927 926 1967 iudicium
959 1930 1181 1979 potentiam
1215 1932 1280 1971 ad-

83 1990 196 2038 ferat,
228 2002 309 2028 non
338 1990 421 2045 vim
450 1991 640 2039 maiorem
671 1991 855 2042 aliquam,
887 2006 967 2032 non
1002 1996 1278 2036 auctoritatem

84 2053 356 2100 excellentem,
394 2067 476 2093 non
511 2055 677 2093 nimiam
718 2056 899 2107 gratiam.
975 2057 1147 2098 Valeant
1183 2061 1279 2101 haec

84 2118 218 2157 omnia
249 2117 301 2157 ad
334 2118 502 2158 salutem
536 2120 820 2169 innocentium,
856 2121 906 2160 ad
940 2135 1054 2173 opem
1087 2124 1279 2176 impoten-

43 2136 61 2220 s
83 2183 197 2230 tium,
232 2182 283 2221 ad
315 2183 508 2222 auxilium
541 2184 868 2233 calamitosorum,
903 2186 946 2225 in
979 2189 1153 2238 periculo
1185 2203 1279 2230 vero

14 2238 40 2345 s
83 2251 125 2286 et
160 2248 206 2286 in*
239 2247 410 2298 pernicie
448 2249 594 2304 civium
631 2250 904 2301 repudientur.
976 2252 1081 2291 Nam
1119 2254 1152 2292 si
1189 2256 1278 2306 quis
1296 2257 1349 2299 60

667 2320 693 2348 Ε
