1462 2398
485 124 586 164 PRO
614 124 655 162 L.
688 124 732 162 M
744 122 948 162 URENA.
1289 120 1312 157 5

118 230 260 278 potest,
299 230 345 265 ut
380 225 516 264 amicis
553 224 699 263 nostris
746 222 1019 262 accusantibus
1066 235 1146 260 non
1193 220 1313 259 etiam
1347 240 1349 243 ·

119 290 374 330 alienissimos
394 289 685 337 defendamus.)
722 287 791 326 IV.
823 287 925 325 Mihi
953 291 1085 326 autem
1112 299 1200 324 cum
1226 284 1310 323 Mu·
1346 297 1351 312 ’ν

119 368 221 402 rena,
251 354 409 402 iudices,
442 359 482 393 et
509 367 653 404 magna
681 358 721 391 et
754 357 869 391 vetus
902 350 1077 389 amicitia
1110 354 1181 397 est,
1213 361 1313 400 quae

118 420 160 458 in
197 420 337 472 capitis
374 419 628 458 dimicatione
666 431 689 455 a
726 416 807 456 Ser.
849 416 1022 467 Sulpicio
1054 428 1134 453 non
1168 413 1314 452 idcirco

119 485 317 533 obruetur,
357 484 463 534 quod
510 483 560 522 ab
607 482 753 530 eodem,
783 482 823 520 in
862 481 1022 520 honoris
1061 479 1314 519 contentione

119 554 302 600 superata
334 554 403 588 est.
463 548 571 596 Quae
605 547 637 586 si
635 559 790 610 scausa
822 559 901 584 non
936 550 1049 591 esset,
1084 536 1361 583 tamen<veL-

118 610 761 665 dignitas‘liominisrver‘honoris
787 611 881 658 eius,
910 623 1028 661 quem
1054 608 1221 659 adeptus
1241 612 1311 655 est,

118 677 338 729 amplitudo
376 690 551 716 summae
588 676 687 715 mihi
734 675 939 725 superbiae
987 673 1313 723 crudelitatisque

118 742 262 781 famam
308 741 547 801 inuffisssefib
576 742 606 779 si
654 740 824 778 hominis
873 744 912 778 et
964 739 1044 777 suis
1091 743 1131 776 et
1177 736 1313 799 populi

94 806 287 851 ‚Romani
308 806 551 845 ornamentis
575 805 807 855 amplissimi
835 816 991 842 causam
1018 802 1122 841 tanti
1148 801 1311 852 periculi

118 847 612 922 reffleque
651 869 755 908 enim
795 868 872 907 iam
910 867 1009 905 mihi
1046 866 1138 905 licet
1183 878 1312 916 neque
1352 873 1409 933 φ

119 941 179 975 est
209 935 419 986 integrum,
451 941 497 973 ut
527 948 656 973 meum
689 934 861 972 laborem
893 931 1099 970 hominum
1129 929 1313 981 periculis

119 1000 370 1039 sublevandis
416 1013 495 1037 non
542 999 806 1054 impertiam.)
835 992 959 1047 (Nam
1004 1009 1093 1034 cum
1141 995 1313 1046 praemia
1372 1008 1409 1036 fx

118 1064 214 1103 mihi
234 1070 348 1103 tanta
373 1077 443 1114 pro
470 1064 541 1102 hac
566 1062 764 1101 industria
789 1062 870 1100 sint
895 1061 1000 1107 data,
1022 1065 1172 1111 quanta
1197 1064 1315 1098 antea
1346 1010 1405 1116 {Es

118 1129 277 1175 nemini,
298 1129 352 1166 sic
372 1129 541 1175 existima
564 1140 649 1178 quos
669 1126 804 1165 labores
828 1125 986 1175 beneficii
1009 1124 1235 1175 adipiscendi
1254 1137 1314 1174 spe

117 1193 335 1244 susceperis,
350 1206 425 1240 eos,
441 1205 529 1242 cum
549 1191 718 1242 adeptus
734 1191 797 1238 sis,
812 1190 1022 1240 deponere,
1040 1179 1145 1227 essa*
1141 1188 1313 1227 hominis

117 1263 158 1297 et
193 1257 314 1296 astuti
351 1261 391 1296 et
427 1245 619 1308 ingrati),
662 1255 810 1304 Quodsi
848 1254 940 1293 licet
977 1254 1166 1301 desinere,
1203 1253 1235 1291 si
1273 1258 1312 1291 te
1357 1253 1383 1295 9

117 1327 276 1361 auctore
312 1335 482 1375 possum,
523 1321 556 1359 si
593 1320 703 1358 nulla
739 1311 916 1369 inertiae,
951 1318 1059 1357 nulla
1091 1318 1309 1368 superbiae,

116 1387 226 1425 nulla
253 1386 556 1424 inhumanitatis
579 1385 692 1435 culpa
721 1384 943 1434 suscipitur,
969 1397 1042 1435 ego
1070 1396 1163 1422 vero
1192 1382 1314 1421 liben-

117 1455 180 1489 ter
216 1450 378 1498 desino;
412 1449 486 1489 isin
524 1454 657 1488 autem
699 1449 794 1503 fuga
831 1448 977 1486 laboris
1015 1447 1218 1494 desidiam,
1257 1460 1367 1490 re&

119 1514 299 1566 pudiatio
331 1514 553 1565 supplicum
591 1513 830 1564 superbiam,
865 1513 1079 1552 amicorum
1117 1511 1312 1563 neglectio

118 1579 413 1630 improbitatem
442 1577 845 1629 coarguit‚lnimiruni
874 1577 968 1615 haec
997 1590 1114 1615 causa
1141 1582 1201 1615 est
1229 1577 1312 1615 eius

117 1643 236 1690 modi,
264 1657 383 1694 quam
409 1657 480 1682 1166
506 1634 725 1681 industrius
755 1642 963 1693 quisquam
993 1655 1062 1680 nec
1092 1641 1312 1680 misericors

117 1721 188 1748 nec
225 1707 418 1751 officiosus
456 1707 634 1746 deserere
673 1706 831 1773 possit.)
883 1707 1017 1757 Atque
1055 1705 1218 1763 huiusce
1256 1705 1312 1744 rei

117 1773 378 1812 coniecturam
419 1772 468 1811 de
506 1778 576 1810 tuo
620 1771 742 1822 ipsius
779 1770 923 1818 studio,
965 1769 1088 1818 Servi,
1129 1770 1312 1810 facillime

118 1837 274 1888 ceperis.
332 1837 435 1876 Nam
457 1837 489 1875 si
509 1837 581 1877 tibi
609 1849 764 1875 necesse
789 1840 906 1886 putas
932 1835 1053 1873 etiam
1079 1834 1313 1874 adversariis

119 1901 329 1940 amicorum
359 1907 519 1940 tuorum
548 1900 597 1939 de
625 1900 710 1939 iure
739 1899 1036 1939 consulentibus
1062 1899 1310 1950 respondere,

119 1970 160 2004 et
184 1965 217 2004 si
242 1970 359 2017 turpe
385 1965 588 2005 existimas
614 1970 654 2003 te
680 1964 883 2014 advocato⁴
899 1963 1012 2002 illum
1031 1964 1173 2014 ipsum,
1196 1977 1312 2014 quem

120 2035 256 2068 contra
280 2019 445 2076 veneris,
474 2043 590 2069 causa
618 2028 766 2075 cadere,
794 2029 877 2068 noli
906 2033 987 2067 tam
1015 2042 1098 2067 esse
1128 2029 1311 2076 iniustus,

121 2097 175 2139 ut,
202 2106 290 2132 cum
318 2094 378 2132 tui
405 2094 534 2133 fontes
563 2093 624 2132 vel
653 2093 821 2131 inimicis
850 2092 929 2130 tuis
958 2097 1132 2143 pateant,
1157 2098 1313 2131 nostros

121 2157 239 2196 etiam
272 2158 405 2197 amicis
438 2163 554 2213 putes
587 2157 739 2196 clausos
773 2170 854 2195 esse
889 2163 1079 2208 oportere.
1139 2157 1311 2203 Etenim,
1332 2158 1383 2200 10

121 2221 154 2261 si
181 2230 244 2261 me
273 2227 341 2261 tua
369 2222 615 2262 familiaritas
636 2221 687 2260 ab
713 2221 784 2259 hac
810 2234 925 2260 causa
951 2221 1192 2268 removisset,
1215 2226 1255 2258 et
1280 2221 1313 2260 si
