1462 2398
426 107 530 146 PRO
557 107 598 145 L.
631 107 889 146 MURENA.
1210 107 1251 144 11

62 207 176 260 cepit,
217 207 354 247 Asiam
391 207 509 246 istam
546 208 729 250 refertam
767 212 807 246 et
845 206 1008 246 eandem
1047 207 1255 245 delicatam

62 271 116 311 sic
144 271 254 323 obiit,
285 278 331 311 ut
360 271 401 311 in
430 285 475 311 ea
511 285 639 323 neque
680 271 870 311 avaritiae
909 284 1037 322 neque
1077 260 1256 310 luxuria}

62 337 271 390 vestigium
299 336 505 388 reliquerit,
519 352 529 385 3
570 336 743 375 maximo
779 337 819 375 in
859 336 963 375 bello
1000 336 1054 375 sic
1087 340 1147 374 est
1175 350 1256 375 ver-

61 405 179 451 satus,
210 406 257 441 ut
284 401 348 440 hic
377 401 522 440 multas
550 415 611 453 res
641 406 681 441 et
714 415 875 453 magnas
909 401 992 440 sine
1020 402 1258 452 imperatore

61 466 234 518 gesserit,
277 465 427 505 nullam
466 466 549 505 sine
589 466 662 505 hoc
703 467 928 517 imperator.
986 466 1121 518 Atque
1164 466 1257 504 haec

61 543 298 582 quamquam
335 535 542 582 praesente
580 531 622 570 L.
654 530 820 570 Lucullo
857 530 1006 582 loquor,
1041 535 1175 586 tamen
1208 544 1258 569 ne

62 595 111 635 ab
163 595 249 647 ipso
306 601 468 647 propter
523 595 741 647 periculum
798 601 978 634 nostrum
1034 608 1257 635 concessam

61 659 264 699 videamur
291 660 436 699 habere
465 660 665 699 licentiam
698 659 885 714 fingendi,
915 659 1083 711 publicis
1113 659 1258 699 litteris

19 735 21 737 ’
60 728 206 764 testata
235 730 329 764 sunt
357 725 501 772 omnia,
531 725 675 776 quibus
704 725 747 764 L.
775 724 963 772 Lucullus
989 730 1145 764 tantum
1174 725 1258 764 huic

61 789 188 829 laudis
234 790 427 842 impertit,
477 795 670 841 quantum
725 803 853 841 neque
903 790 1134 829 ambitiosus
1189 790 1257 829 im-

62 859 220 906 perator
246 868 376 906 neque
405 855 564 893 invidus
600 855 776 894 tribuere
813 855 927 893 alteri
965 855 1007 893 in
1045 855 1258 894 communi-

61 918 186 958 canda
221 918 347 971 gloria
384 918 534 958 debuit.
553 933 570 964 ι
592 919 755 958 Summa
795 919 837 957 in
876 924 1044 970 utroque
1086 924 1146 959 est
1191 919 1255 958 ho·
1274 915 1325 956 21

60 987 202 1039 nestas²
243 996 396 1023 summa
435 983 635 1035 dignitas3
674 997 793 1034 quam
833 997 914 1034 ego,
965 984 997 1022 si
1044 984 1142 1022 mihi
1187 997 1257 1035 per

61 1046 243 1086 Servium
269 1046 397 1095 liceat,
428 1061 562 1098 parem
590 1040 802 1098 atquffin‘
797 1048 934 1098 eadem
956 1047 1074 1087 laude
1099 1062 1253 1099 ponam.

60 1111 139 1151 Sed
179 1124 260 1150 non
301 1111 417 1161 licet3
465 1112 590 1162 agitat
636 1125 719 1163 rem
765 1112 990 1160 militarem,
1039 1113 1257 1152 insectatur

59 1180 185 1215 totam
230 1175 332 1215 hanc
373 1175 623 1231 legationem,
669 1176 922 1231 adsiduitatis
964 1182 1005 1216 et
1050 1191 1254 1229 operarum

58 1239 197 1280 harum
226 1241 521 1295 cotidianarum!
540 1245 657 1292 putat
685 1254 768 1280 esse
796 1241 1053 1281 consulatum.
1113 1243 1255 1294 ‘Apud

58 1305 274 1345 exercitum
313 1305 411 1345 mihi
449 1306 594 1354 fueris,'
633 1306 774 1357 inquit,
819 1310 902 1346 ‘tot
934 1309 1084 1346 annos‘l
1125 1307 1254 1347 forum

58 1382 138 1409 non
166 1370 370 1421 attigeris'l
397 1370 542 1419 afueris
570 1375 652 1408 tam
681 1370 750 1409 diu
779 1375 830 1418 et,
866 1385 954 1410 cum
991 1371 1109 1423 longo
1136 1372 1255 1412 inter-

58 1434 162 1474 vallo
190 1435 356 1482 veneris,
395 1448 483 1473 cum
520 1434 593 1482 his,
633 1435 701 1489 qui
738 1435 779 1473 in
816 1436 902 1474 foro
939 1435 1168 1485 habitarint,
1204 1438 1253 1476 de

58 1497 252 1550 dignitate
272 1498 487 1553 contendas
499 1498 528 1538 ‘l’
571 1499 748 1538 Primum
769 1500 845 1539 ista
864 1504 999 1539 nostra
1022 1500 1266 1560 adsiduitas3·

59 1562 182 1611 Servi,
221 1563 346 1602 nescis
383 1568 576 1614 quantum
608 1563 809 1603 interdum
841 1564 994 1603 adferat
1026 1565 1252 1606 hominibus

57 1626 217 1676 fastidii,
265 1631 458 1679 quantum
505 1628 710 1667 satietatis.
781 1629 886 1667 Mihi
930 1629 1093 1680 quidem
1139 1631 1252 1670 vehe—

58 1697 211 1731 menter
255 1692 433 1743 expediit
473 1692 644 1744 positam
686 1693 727 1731 in
770 1693 892 1732 oculis
934 1707 1018 1733 esse
1058 1696 1226 1747 gratiam
1239 1712 1251 1746 3

15 1799 18 1803 Α
56 1755 126 1795 sed
163 1760 296 1796 tamen
328 1769 400 1809 ego
433 1757 511 1796 mei
549 1757 775 1796 satietatem
813 1771 956 1810 magno
993 1772 1079 1798 meo
1117 1760 1250 1800 labore

56 1821 237 1872 superavi
265 1826 306 1861 et
333 1825 379 1860 tu
406 1821 502 1860 item
531 1822 696 1861 fortasse
710 1838 720 1871 3
749 1836 888 1861 verum
922 1828 1056 1863 tamen
1089 1825 1249 1877 utrique

56 1890 235 1925 nostrum
271 1885 513 1926 desiderium
550 1887 651 1925 nihil
692 1887 894 1926 obfuisset.
964 1887 1042 1927 Sed
1080 1895 1135 1938 ut,
1175 1890 1249 1929 hoc
1267 1886 1320 1927 22

57 1949 210 1998 omisso,
250 1950 300 1990 ad
342 1950 564 1993 studiorum
606 1957 724 2003 atque
766 1953 912 1991 artium
955 1954 1248 1994 contentionem

55 2019 308 2064 revertamur,
333 1994 401 2067 qiii
431 2021 562 2068 potest
589 2016 775 2065 dubitari,
799 2017 896 2067 quin
925 2017 975 2056 ad
1003 2019 1248 2058 consulatum

56 2077 347 2130 adipiscendum
404 2081 529 2120 multo
584 2081 672 2132 plus
727 2081 882 2120 adferat
936 2082 1142 2133 dignitatis
1192 2085 1249 2123 rei

35 2141 238 2200 'militaris
274 2157 392 2200 quam
425 2145 521 2184 iuris
558 2145 684 2185 civilis
721 2146 876 2197 gloria?
930 2146 1083 2198 Vigilas
1121 2153 1165 2187 tu
1198 2148 1247 2187 de

56 2213 183 2256 nocte,
217 2214 264 2248 ut
295 2210 374 2248 tuis
407 2210 696 2250 consultoribus
729 2211 975 2262 respondeas,
1008 2211 1083 2261 ille,
1115 2219 1159 2251 ut
1189 2227 1244 2261 eo,
