1462 2398
458 141 560 181 PRO
588 141 629 180 L.
664 142 710 180 M
718 142 908 181 URENA
915 172 921 180 .
1237 143 1285 179 25

91 242 284 282 cusationi
311 247 523 281 reservant.
572 242 705 280 XXII.
735 242 901 281 Accedit
925 242 1074 290 eodem,
1096 247 1141 281 ut
1167 242 1284 280 etiam

91 306 174 357 ipse
194 306 427 346 candidatus
453 311 583 345 totum
607 307 784 345 animum
806 312 925 358 atque
954 320 1108 346 omnem
1140 320 1283 355 curam,

92 384 250 422 operam
279 371 604 423 diligentiamque
633 384 743 410 suam
772 371 812 409 in
840 371 1032 422 petitione
1057 385 1136 410 non
1162 371 1287 423 possit

93 449 247 486 ponere.
306 435 551 487 Adiungitur
571 436 675 475 enim
701 436 960 475 accusationis
987 436 1183 488 cogitatio,
1206 449 1285 475 non

92 513 212 551 parva
236 514 310 547 res,
338 500 406 540 sed
431 492 618 539 nimirum
647 501 825 540 omnium
851 502 1035 540 maxima.
1093 501 1284 552 Magnum

93 570 152 604 est
175 565 282 604 enim
310 570 350 604 te
378 579 603 617 comparare
632 579 687 613 ea,
710 566 855 616 quibus
883 566 1007 617 possis
1037 565 1237 604 hominem
1264 579 1285 605 e

91 629 262 679 civitate,
301 631 533 681 praesertim
571 644 648 670 non
693 631 852 682 inopem
899 627 1026 681 neque
1072 631 1283 677 infirmum,

91 694 313 743 exturbare,
343 696 411 746 qui
440 700 480 735 et
514 709 583 746 per
616 709 656 734 se
690 700 731 734 et
758 709 829 746 per
857 708 947 734 suos
976 701 1016 733 et
1043 708 1136 734 vero
1166 696 1285 734 etiam

91 771 162 809 per
197 758 346 798 alienos
382 759 628 799 defendatur.
701 759 848 799 Omnes
885 760 990 798 enim
1028 759 1078 798 ad
1115 760 1287 811 pericula

90 823 358 874 propulsanda
390 824 656 863 concurrimus
685 829 735 872 et,
767 825 835 876 qui
864 838 943 863 non
972 830 1107 876 aperte
1135 825 1286 864 inimici

92 900 237 935 sumus,
277 889 397 927 etiam
435 889 682 935 alienissimis
718 889 760 928 in
797 890 936 942 capitis
973 890 1156 941 periculis
1194 890 1302 936 ami-l
1380 932 1406 940 ,⁴

92 952 336 991 cissimorum
363 953 488 992 officia
514 958 554 992 et
579 953 711 992 studia
736 958 993 1005 praQtamus
995 953 1025 1006 Ῑ
1051 954 1180 1003 Quare
1213 967 1286 1006 ego
1297 938 1364 990 46'

91 1022 278 1069 expertus
325 1022 366 1057 et
410 1018 572 1073 petendi
619 1024 659 1057 et
705 1008 944 1058 defendendi
990 1024 1031 1058 et
1076 1019 1285 1059 accusandi

91 1081 312 1122 molestiam
349 1082 403 1121 sic
439 1082 631 1130 intellexi,
671 1083 710 1122 in
758 1083 931 1134 petendo
977 1084 1156 1123 studium
1201 1097 1284 1123 esse

90 1132 332 1196 acerrimum,
373 1147 414 1186 in
461 1147 711 1187 defendendo
758 1148 938 1196 officium,
978 1148 1020 1187 in
1066 1148 1284 1188 accusando

89 1211 274 1250 laborem.
333 1212 472 1263 Itaque
505 1213 559 1251 sic
588 1217 732 1261 statuo,
760 1213 844 1251 fieri
873 1212 982 1252 nullo
1010 1213 1128 1252 modo
1156 1227 1280 1264 posse,

89 1280 134 1315 ut
161 1275 267 1315 idem
285 1272 581 1316 ‘accusationem
611 1282 651 1316 et
679 1277 912 1328 petitionem
941 1277 1166 1317 consulatus
1198 1278 1284 1317 dili-

76 1343 79 1347 '
87 1345 227 1392 genter
270 1341 436 1380 adornet
482 1346 600 1392 atque
646 1340 863 1393 instruat.
905 1341 1043 1380 Unum
1088 1341 1282 1399 sustinere

88 1405 202 1456 pauci
238 1411 414 1456 possunt,
454 1411 667 1456 utrumque
709 1419 834 1444 nemo.
907 1406 980 1454 Tu,
1021 1418 1110 1449 cum
1157 1411 1196 1445 te
1233 1406 1282 1445 de

88 1469 280 1509 curriculo
313 1469 517 1521 petitionis
549 1469 774 1509 deflexisses
807 1471 1060 1521 animumque
1093 1471 1144 1509 ad
1176 1484 1282 1510 accu-

89 1533 256 1573 sandum
274 1533 554 1582 transtulisses,
574 1535 608 1573 si
626 1529 927 1579 existimastifte
946 1535 1104 1587 utrique
1123 1536 1281 1589 negotio

89 1598 184 1643 satis
216 1598 342 1638 facere
380 1612 506 1650 posse,
540 1599 798 1639 vehementer
834 1600 984 1639 errasti.
1042 1600 1139 1649 Quis
1176 1601 1281 1640 enim

88 1661 174 1702 dies
205 1663 291 1711 fuit,
322 1670 578 1715 posteaquam
610 1664 653 1702 in
684 1664 803 1703 istam
836 1664 1043 1703 accusandi
1076 1665 1282 1704 denuntia-

88 1727 238 1767 tionem
273 1727 471 1780 ingressus
508 1741 560 1776 es,
599 1741 715 1780 quem
753 1734 798 1768 tu
835 1742 915 1767 non
952 1733 1083 1768 totum
1119 1729 1162 1768 in
1204 1730 1283 1769 ista

88 1791 239 1831 ratione
265 1792 581 1844 consumpseris?
624 1793 780 1832 XXIII.
811 1793 956 1844 Legem
980 1795 1151 1833 ambitus
1176 1795 1282 1846 flagi·

88 1856 194 1904 tasti,
224 1869 324 1907 quae
356 1857 431 1896 tibi
463 1870 543 1896 non
577 1848 743 1906 'deerat3
781 1863 866 1897 erat
898 1858 1004 1898 enim
1037 1859 1280 1898 severissime

0 1910 234 1976 u-*ffscr‘ipta
265 1921 491 1972 Calpurnia.
550 1921 697 1961 Gestus
725 1926 786 1961 est
814 1935 900 1961 mos
932 1927 974 1962 et
1005 1923 1203 1963 voluntati
1240 1929 1282 1963 et

89 1983 275 2036 dignitati
293 1990 394 2025 tuae.
455 1985 533 2025 Sed
552 1991 639 2025 tota
664 1986 732 2029 illa
756 1986 822 2026 lex
848 1989 1139 2031 accusationem
1157 1994 1278 2035 tuam,

89 2048 123 2088 si
154 2048 318 2089 haberes
346 2055 551 2101 nocentem
586 2063 708 2099 reum,
738 2051 906 2091 fortasse
939 2057 1155 2102 armasset3
1183 2053 1280 2103 peti-

89 2112 189 2151 tioni
215 2127 310 2153 vero
341 2114 537 2166 refragata
569 2120 640 2154 est.
697 2115 830 2154 Poena
861 2116 1020 2168 gravior
1050 2118 1092 2155 in
1125 2117 1280 2168 plebem
1298 2115 1350 2157 47

87 2180 158 2216 tua
189 2190 283 2217 voce
311 2179 524 2231 efflagitata
551 2183 637 2228 est;
665 2180 850 2219 commoti
877 2181 999 2219 animi
1028 2181 1281 2230 tenuiorum;

89 2241 272 2281 exsilium
317 2243 359 2282 in
405 2249 584 2283 nostrum
633 2243 838 2293 ordinem3
885 2246 1076 2285 concessit
1122 2252 1280 2286 senatus
