1462 2398
170 120 218 156 22
435 106 437 109 ’
533 119 636 158 PRO
663 118 706 158 L.
737 119 992 158 MURENA.

169 218 499 269 magnificentiam
543 218 657 258 valde
701 223 953 266 contemnere
970 234 979 267 3
1028 233 1126 270 quae
1169 218 1260 259 huic
1300 219 1364 260 ad-

166 282 327 321 modum
357 283 600 334 profuerunt.
661 283 765 322 Nam
794 284 890 334 quid
919 298 991 334 ego
1018 284 1147 323 dicam
1172 284 1360 336 populum

166 361 210 386 ac
239 347 378 399 vulgus
403 347 677 398 imperitorum
703 347 808 386 ludis
834 361 977 400 magno
1005 362 1120 399 opere
1146 348 1362 388 delectari?

167 412 300 451 Minus
339 416 400 451 est
436 412 672 451 mirandum.
731 412 978 464 Quamquam
1017 413 1108 452 huic
1146 426 1284 453 causae
1320 413 1362 452 id

165 477 260 515 satis
286 481 346 515 est
362 491 371 524 ;
401 481 494 515 sunt
521 477 627 515 enim
654 476 789 528 populi
819 491 862 516 ac
891 477 1161 516 multitudinis
1190 478 1356 517 comitia.

165 541 304 590 Quare,
350 541 382 580 si
425 541 571 592 populo
614 541 797 580 ludorum
835 542 1129 593 magnificentia
1166 542 1362 594 voluptati

165 611 234 654 est,
284 620 364 646 non
411 611 471 645 est
516 605 742 664 mirandum
793 620 878 645 eam
926 607 967 646 L.
1018 607 1209 646 Murenae
1256 607 1360 659 apud

93 669 145 711 39
163 671 354 722 populum
387 671 592 722 profuisse.
652 671 730 710 Sed
763 671 796 710 si
828 676 984 710 nosmet
1017 671 1104 722 ipsi,
1139 672 1207 723 qui
1242 677 1282 711 et
1312 672 1361 711 ab

163 735 425 788 delectatione
454 735 652 775 communi
679 735 848 790 negotiis
874 735 1115 787 impedimur
1141 741 1182 775 et
1206 736 1248 775 in
1275 736 1361 788 ipsa

163 789 419 852 occupatione
448 800 732 840 delectationes
761 800 857 839 alias
885 800 1031 840 multas
1056 800 1202 854 habere
1229 813 1361 852 possu-

163 879 261 914 mus,
296 865 401 904 ludis
439 870 573 904 tamen
608 864 853 904 oblectamur
886 870 926 904 et
959 865 1151 914 ducimur,
1186 864 1284 917 quid
1315 871 1360 905 tu

92 929 143 970 40
162 930 355 969 admirere
393 930 441 969 de
480 929 741 969 multitudine
779 930 968 969 indocta?
1039 929 1083 969 L.
1133 929 1250 978 Otho,
1300 928 1362 969 vir

161 995 284 1038 fortis,
306 1007 416 1034 meus
442 995 694 1043 necessarius,
723 995 897 1046 equestri
921 994 1051 1034 ordini
1076 995 1255 1034 restituit
1279 1007 1359 1034 non

160 1059 287 1099 solum
325 1059 574 1111 dignitatem,
615 1059 684 1098 sed
722 1059 842 1099 etiam
884 1059 1142 1110 voluptatem.
1219 1059 1361 1111 Itaque

161 1123 225 1163 lex
258 1124 365 1173 haec,
401 1138 500 1175 quae
534 1124 583 1163 ad
614 1123 731 1163 ludos
763 1124 950 1175 pertinet,
983 1129 1043 1163 est
1071 1124 1249 1163 omnium
1276 1137 1359 1176 gra-

160 1189 322 1237 tissima,
362 1189 468 1241 quod
506 1188 788 1253 honestissimo
836 1188 966 1228 ordini
1014 1201 1104 1228 cum
1151 1188 1358 1240 splendore

158 1255 327 1294 fructus-
346 1267 503 1306 quoque
540 1253 801 1295 iucunditatis
839 1258 899 1292 est
935 1253 1155 1293 restitutus.
1228 1253 1357 1302 Quare

159 1318 359 1358 delectant
387 1310 577 1366 homines,
605 1318 704 1356 mihi
733 1317 859 1365 crede,
887 1317 984 1366 ludi,
1011 1318 1132 1358 etiam
1159 1317 1260 1370 illos,
1287 1318 1356 1370 qui

157 1383 421 1431 dissimulant,
445 1397 526 1422 non
555 1382 683 1422 solum
712 1396 787 1430 eos,
820 1383 888 1434 qui
917 1382 1094 1421 fatentur
1110 1397 1120 1430 ;
1149 1382 1255 1434 quod
1285 1395 1357 1434 ego

157 1448 198 1486 in
227 1461 314 1487 mea
341 1448 534 1499 petitione
563 1447 692 1496 sensi3
723 1460 814 1486 nam
848 1460 920 1486 nos
954 1460 1110 1498 quoque
1144 1447 1354 1486 habuimus

156 1525 335 1551 scaenam
381 1512 704 1563 competitricem.
782 1511 934 1560 Quodsi
983 1525 1066 1563 ego,
1115 1512 1182 1563 qui
1229 1512 1354 1551 trinos

155 1576 270 1615 ludos
290 1577 427 1616 aedilis
453 1577 633 1625 feceram,
656 1580 789 1615 tamen
817 1576 983 1615 Antonii
1010 1575 1114 1615 ludis
1139 1589 1356 1616 commove-

155 1641 235 1690 bar,
267 1641 351 1688 tibi,
383 1641 452 1692 qui
484 1654 574 1679 casu
608 1640 737 1679 nullos
770 1641 929 1688 feceras,
960 1640 1060 1679 nihil
1088 1640 1204 1680 huius
1235 1641 1353 1680 istam

154 1705 291 1756 ipsam,
319 1718 438 1756 quam
465 1704 617 1752 irrides,
646 1694 874 1755 argenteam
898 1718 1078 1744 scaenam
1103 1704 1350 1749 adversatam

154 1771 302 1820 putas?

83 1831 134 1871 41
207 1833 286 1872 Sed
319 1833 414 1872 haec
447 1846 540 1886 sane
574 1833 654 1871 sint
686 1830 796 1884 paria
828 1834 972 1879 omnia,
1007 1833 1058 1871 sit
1082 1846 1158 1884 -par
1184 1834 1351 1873 forensis

153 1911 272 1950 opera
297 1896 463 1947 militari,
493 1888 676 1937 militaris
703 1896 930 1948 suffragatio
956 1897 1141 1946 urbanae,
1167 1898 1219 1936 sit
1244 1898 1351 1953 idffln

151 1962 565 2015 magnificentissimos
595 1967 635 2002 et
663 1962 793 2001 nullos
821 1975 1010 2013 umquam
1039 1963 1176 2002 fecisse
1209 1954 1324 2004 ludos
1339 1979 1350 2014 ;

151 2027 275 2079 quid?
304 2028 346 2066 in
374 2027 460 2078 ipsa
485 2031 672 2077 praetura
697 2026 849 2065 nihilne
876 2027 1079 2066 existimas
1107 2027 1212 2067 inter
1239 2032 1349 2068 tuam

150 2097 191 2132 et
228 2092 345 2131 huius
382 2096 530 2152 sortem
568 2091 824 2138 interfuisse?
896 2090 985 2130 XX.
1017 2091 1150 2130 Huius
1183 2106 1266 2132 sors
1303 2106 1350 2134 ea

148 2157 235 2204 fuit,
258 2170 376 2207 quam
401 2169 536 2195 omnes
563 2155 623 2194 tui
646 2155 861 2195 necessarii
884 2155 957 2194 tibi
985 2156 1231 2206 optabamus,
1251 2157 1349 2198 iuris

147 2221 336 2269 dicundi3
364 2219 406 2259 in
426 2233 504 2271 qua
523 2219 689 2271 gloriam
716 2218 898 2267 conciliat
923 2220 1158 2272 magnitudo
1183 2221 1345 2274 negotii,
