1462 2398
0 449 19 529 ‘LE-:1⁴

0 812 15 2398 mffl——w—aefflm-ffl⁴
9 649 14 695 „AV-,i
0 612 6 619 ⁸

444 103 549 142 PRO
581 104 617 142 L.
654 103 910 143 MURENA.
1226 105 1274 140 13

78 203 254 256 periculo
291 217 380 243 cum
417 217 460 242 re
496 203 663 254 publica,
699 209 786 258 tum
820 203 942 242 etiam
974 205 1121 242 nostris
1159 203 1275 242 rebus

77 268 229 320 perfrui
265 281 484 320 possumus.
556 268 699 307 Gravis
733 268 854 307 etiam
887 268 955 307 illa
988 273 1048 307 est
1082 273 1122 307 et
1158 267 1275 319 plena

78 333 286 385 dignitatis
303 333 487 382 xfacultas,
511 347 611 384 quae
637 346 752 384 saepe
778 333 905 372 valuit
931 333 971 371 in
998 333 1156 371 consule
1182 332 1276 370 deli—

77 397 217 450 gendo,
246 410 367 458 Q
404 397 567 436 consilio
605 403 725 448 atque
759 398 937 445 oratione
970 403 1010 436 et
1043 403 1203 436 senatus
1235 402 1276 436 et

78 461 214 514 populi
233 468 274 502 et
293 476 439 510 eorum,
461 463 529 513 qui
556 475 617 501 res
643 462 832 508 iudicant,
855 467 1007 501 mentes
1032 475 1272 513 permovere.

78 527 290 576 Quaeritur
335 527 483 573 consul,
523 527 591 577 qui
634 526 802 565 dicendo
837 539 1137 577 nonnumquam
1175 540 1273 565 com-

78 591 224 642 primat
250 591 484 630 tribunicios
513 591 677 638 furores,
713 591 781 642 qui
812 591 1054 630 concitatum
1083 591 1274 642 populum

78 655 223 703 flectat,
257 656 325 707 qui
358 656 561 707 largitioni
594 656 765 694 resistat.
842 655 934 694 Non
968 655 1123 703 mirum,
1159 655 1192 694 si
1224 655 1275 694 ob

78 719 178 759 hanc
214 720 444 759 facultatem
482 721 663 759 homines
701 734 816 771 saepe
851 721 970 759 etiam
1003 733 1084 759 non
1122 720 1274 759 nobiles

78 784 326 824 consulatum
373 785 573 823 consecuti
621 790 725 832 sunt,
773 785 1006 835 praesertim
1049 798 1138 823 cum
1179 785 1274 824 haec

78 849 216 888 eadem
253 862 314 888 res
350 849 542 900 plurimas
581 849 741 900 gratias,
786 850 1027 888 firmissimas
1068 849 1271 898 amicitias,

78 913 252 953 maxima
278 914 412 952 studia
440 915 576 965 pariat.
637 914 813 970 Quorum
842 914 883 952 in
912 914 989 952 isto
1019 919 1151 953 vestro
1183 915 1274 953 arti-

78 979 176 1027 ficio,
217 978 378 1029 Sulpici,
417 978 517 1017 nihil
555 983 625 1017 est.
695 976 874 1016 Primum
907 978 1082 1030 dignitas
1115 979 1156 1017 in
1190 984 1272 1018 tam
1290 985 1343 1026 25

78 1043 190 1082 tenui
212 1042 377 1082 scientia
399 1056 479 1081 non
502 1048 634 1094 potest
657 1056 741 1082 esse
756 1058 767 1091 3
794 1056 856 1081 res
875 1043 981 1081 enim
1001 1048 1095 1082 sunt
1113 1056 1270 1094 parvae,

76 1120 200 1159 prope
244 1107 286 1146 in
332 1107 498 1158 singulis
544 1107 690 1156 litteris
726 1112 845 1158 atque
883 1107 1272 1158 interpunctionibus

77 1172 288 1212 verborum
325 1176 549 1223 occupatae.
620 1171 786 1219 Deinde,
837 1172 991 1210 etiamsi
1031 1172 1128 1223 quid
1166 1172 1271 1223 apud

75 1236 243 1276 maiores
271 1242 428 1276 nostros
458 1236 537 1274 fuit
566 1236 608 1274 in
638 1235 716 1275 isto
749 1236 883 1274 studio
914 1235 1197 1286 admirationis,
1229 1237 1284 1276 id.

76 1300 294 1339 enuntiatis
313 1300 457 1339 vestris
476 1300 676 1351 mysteriis
696 1305 828 1339 totum
852 1305 912 1339 est
937 1306 1211 1352 contemptum
1231 1306 1272 1340 et

75 1364 284 1404 abiectum.
359 1364 500 1403 Posset
533 1365 596 1416 agi
629 1365 714 1416 lege
748 1378 881 1412 necne,
917 1365 1031 1416 pauci
1069 1365 1270 1416 quondam

75 1429 275 1478 sciebant3
316 1429 440 1468 fastos
473 1430 578 1467 enim
609 1429 729 1480 vulgo
762 1443 843 1468 non
877 1429 1088 1468 habebant.
1146 1430 1272 1469 Erant

75 1493 117 1532 in
153 1506 298 1544 magna
341 1493 534 1544 potentia,
574 1493 644 1543 qui
690 1493 1020 1541 consulebantur3
1069 1507 1091 1532 a
1127 1495 1270 1545 quibus

75 1557 196 1596 etiam
215 1557 300 1596 dies
315 1561 518 1608 tamquam
533 1571 555 1596 a
570 1557 782 1597 Chaldaeis
796 1558 1017 1609 petebatur.
1076 1558 1270 1598 Inventus

75 1626 137 1660 est
163 1621 290 1660 scriba
318 1621 491 1672 quidam,
522 1622 591 1661 Cn.
615 1621 790 1669 Flavius,
811 1622 878 1674 qui
907 1622 1107 1668 comicum
1136 1623 1270 1663 oculos

74 1686 282 1725 confixerit
309 1691 350 1725 et
378 1686 545 1738 singulis
573 1686 713 1726 diebus
733 1677 1103 1742 ‚ediscengiTsTfa-sfos
1122 1687 1269 1739 populo

73 1750 324 1802 proposuerit
345 1755 387 1789 et
409 1751 459 1790 ab
481 1751 576 1802 ipsis
605 1751 731 1802 capsis
758 1752 854 1790 iuris
883 1751 1152 1790 consultorum
1172 1753 1270 1803 sapi·

74 1815 221 1854 entiam
241 1814 674 1866 compilarit.1taque
692 1815 785 1854 irati
804 1815 874 1862 illi,
897 1815 1004 1866 quod
1024 1821 1118 1855 sunt
1137 1817 1267 1864 veriti,

74 1891 135 1926 ne,
165 1878 320 1918 dierum
352 1880 506 1939 ratione
538 1879 771 1931 pervulgata
805 1885 846 1919 et
879 1881 1045 1932 cognita,
1081 1881 1164 1919 sine
1198 1894 1270 1920 sua

75 1955 193 1995 opera
215 1942 301 1994 lege
328 1926 561 1994 αρῖῬοεε6ῢ,
582 1944 703 1984 verba
728 1944 921 2001 quaedam
950 1951 1267 1995 composuerunt,

51 2053 55 2058 .
76 2011 122 2046 ut
139 2007 350 2047 omnibus'
339 2021 381 2046 m
401 2008 549 2047 rebus
538 2008 615 2059 lpsi
634 2002 913 2052 interessent..
942 2009 1034 2048 XII.
1069 2009 1170 2048 Cum
1194 2009 1268 2048 hoc
1284 2013 1337 2055 26

74 2071 160 2111 fieri
184 2071 394 2111 bellissime
418 2077 575 2124 posset:
612 2072 800 2111 ‘Fundus
826 2072 997 2112 Sabinus
1023 2087 1133 2112 meus
1163 2078 1222 2112 est
1238 2090 1244 2113 :
1259 2074 1267 2090 '

76 2135 220 2174 ‘Immo
235 2137 376 2175 meusz'
398 2136 542 2176 deinde
557 2136 766 2175 iudicium:
782 2137 1004 2176 noluerunt.
1045 2137 1266 2187 ‘FUNDUS‚'

74 2199 217 2251 inquit,
254 2201 355 2246 ‘QUI
382 2210 457 2239 Es'r
485 2211 532 2239 IN
561 2210 685 2249 Aeno,
722 2210 796 2245 QUI
827 2210 1011 2239 SABINUS
1045 2203 1266 2242 VOOATUR.'
