1462 2398
406 135 509 175 PRO
537 137 578 175 L.
611 136 870 176 MURENA.
1189 137 1234 174 15

41 249 156 275 causa
193 237 339 287 reperti
377 242 480 275 sunt.
558 236 605 274 In
644 237 752 274 omni
798 236 968 287 denique
1008 237 1092 275 iure
1130 236 1236 274 civili

41 301 282 351 aequitatem
328 300 586 351 reliquerunt,
627 301 746 339 verba
784 301 870 351 ipsa
911 305 1138 348 tenuerunt,
1178 306 1235 349 ut,
1291 299 1298 306 '

41 365 134 416 quia
178 365 220 404 in
266 364 432 404 alicuius
479 365 591 404 libris
638 365 811 415 exempli
859 378 976 404 causa
1014 365 1055 403 id
1092 378 1237 404 nomen

41 429 286 477 invenerant,
320 434 509 481 putarent
547 443 685 469 omnes
719 430 914 476 mulieres,
951 442 1050 480 quae
1088 433 1238 480 coemp-

42 495 190 534 tionem
208 494 394 543 facerent,
418 494 563 534 ‘Gaias
579 494 587 510 '
611 495 753 540 vocari.
813 495 897 536 Iam
918 494 1016 533 illud
1038 494 1136 543 mihi
1156 495 1238 545 qui-

41 558 131 598 dem
156 560 299 609 mirum
325 559 451 598 videri
478 560 588 608 solet,
611 565 673 598 tot
699 560 878 598 homines
905 565 986 598 tam
1014 559 1237 611 ingeniosos

41 628 131 675 post
166 629 228 663 tot
264 637 388 663 annos
426 625 545 663 etiam
584 638 688 663 nunc
727 629 900 663 statuere
935 637 1013 662 non
1048 624 1234 675 potuisse,

41 692 174 726 utrum
206 687 335 726 ‘diem
369 688 557 738 tertium'
591 702 640 727 an
678 688 987 739 ‘perendinum,’
1019 688 1235 727 ‘iudicem'

41 765 90 790 an
129 752 372 800 ‘arbit1·um,’
417 752 548 803 ‘rem'
596 767 646 792 an
697 753 829 792 ‘litem
848 754 856 770 '
903 753 979 792 dici
1022 758 1233 804 oporteret.

41 815 153 855 XIII.
187 817 339 868 Itaque,
369 822 415 855 ut
444 817 540 865 dixi,
571 817 744 868 dignitas
775 817 816 855 in
847 818 925 856 ista
955 818 1120 867 scientia
1150 831 1238 856 con·
1254 814 1308 855 28

41 880 180 919 sularis
226 894 443 932 numquam
481 882 567 928 fuit,
608 895 708 932 quae
746 887 831 920 tota
878 895 927 921 ex
974 882 1089 921 rebus
1135 882 1237 921 fictis

41 946 402 996 commenticiisque
430 951 638 994 constaret,
669 947 820 1000 grstiae
845 959 938 985 vero
965 946 1091 986 multo
1116 947 1235 986 etiam

41 1010 179 1048 minus.
239 1009 354 1059 Quod
384 1011 488 1049 enim
518 1011 701 1050 omnibus
731 1016 842 1062 patet
867 1015 916 1050 et.
933 1024 1056 1062 aeque
1082 1025 1237 1062 promp-

41 1079 126 1112 tum
145 1079 206 1113 est
225 1074 322 1113 mihi
350 1081 391 1113 et
417 1074 643 1114 adversario
662 1088 763 1120 meo,
783 1075 824 1114 id
846 1088 929 1114 esse
949 1082 1106 1127 gratum
1126 1076 1235 1114 nullo

40 1143 155 1189 pacto
182 1143 323 1190 potest.
384 1139 525 1190 Itaque
554 1153 634 1178 non
663 1140 780 1178 modo
810 1140 988 1178 beneficii
1018 1140 1234 1180 collocandi

39 1216 162 1254 spem,
190 1203 258 1242 sed
288 1204 407 1242 etiam
436 1203 545 1252 illud,
578 1204 684 1255 quod
713 1204 927 1255 aliquando
959 1205 1047 1250 fuit,
1081 1205 1235 1244 ‘LICET

39 1270 338 1312 CONSULEREU’
381 1268 458 1307 iam
496 1268 737 1320 perdidistis.
810 1269 975 1335 Sap‘iens
1014 1270 1233 1309 existimari

39 1345 156 1379 nemo
174 1337 307 1383 potest
321 1333 363 1371 in
378 1346 423 1371 ea
437 1333 660 1384 prudentia,
679 1347 778 1384 quae
794 1347 922 1384 neque
938 1339 1051 1373 extra
1066 1335 1231 1374 Romam

40 1409 205 1448 usquam
225 1410 354 1451 neque
373 1397 522 1436 Romae
549 1385 677 1447 rebus.
687 1397 856 1448 prolatis
882 1398 1094 1449 quicquam
1115 1399 1230 1438 valet.

41 1460 199 1500 Peritus
227 1460 317 1500 ideo
348 1461 483 1500 haberi
514 1475 630 1500 nemo
660 1467 801 1513 potest,
833 1463 939 1513 quod
967 1463 1009 1501 in
1038 1477 1095 1510 eo,
1125 1464 1233 1514 quod

40 1525 171 1564 sciunt
189 1539 337 1573 omnes,
359 1525 468 1564 nullo
489 1525 606 1564 modo
625 1532 792 1577 possunt
811 1527 917 1566 inter
937 1540 977 1566 se
997 1527 1229 1579 discrepare.

41 1589 222 1628 Difficilis
251 1595 382 1630 autem
414 1603 475 1628 res
506 1590 595 1629 ideo
626 1604 704 1629 non
735 1597 911 1642 putatur,
943 1593 1050 1643 quod
1080 1599 1121 1632 et
1151 1607 1235 1645 per-

40 1653 173 1705 paucis
193 1659 233 1693 et
251 1654 414 1693 minime
433 1654 608 1693 obscuris
624 1654 767 1694 litteris
783 1656 1020 1696 continetur.
1078 1657 1237 1714 Itaque,⁷

40 1718 74 1757 si
109 1718 217 1770 mihi,
256 1718 408 1758 homini
445 1717 700 1758 vehementer
746 1725 945 1772 occupato,
986 1723 1230 1762 stomachum

39 1783 252 1838 moveritis,
269 1783 402 1823 triduo
422 1797 484 1822 me
504 1784 599 1822 iuris
620 1785 845 1823 consultum
866 1784 982 1838 [esse]
1004 1787 1229 1837 profitebor.

41 1846 209 1895 Etenim,
231 1861 331 1899 quae
357 1847 786 1907 thjguntur‚
809 1850 955 1901 scripta
974 1856 1067 1890 sunt
1086 1853 1228 1900 omnia,

43 1923 166 1962 neque
199 1917 332 1951 tamen
365 1913 576 1964 quicquam
614 1919 696 1952 tam
735 1920 902 1965 anguste
934 1916 1125 1966 scriptum
1159 1922 1228 1966 est,

41 1988 120 2026 quo
147 1988 219 2027 ego
247 1990 326 2016 non
354 1977 499 2028 possim
533 1977 652 2025 ‘QUA
680 1988 735 2016 DE
764 1988 819 2017 RE
848 1979 1031 2018 AGITUR'
1059 1980 1233 2030 addere3

41 2052 142 2090 quae
173 2041 433 2080 consuluntur
466 2047 608 2088 autem,
644 2042 808 2082 minimo
840 2043 1013 2094 periculo
1046 2046 1230 2096 respond-

65 2108 168 2143 ntur.
252 2104 295 2143 Si
340 2105 393 2153 id,
443 2105 549 2156 quod
597 2110 766 2157 oportet,
814 2108 1075 2158 responderis,
1123 2110 1229 2150 idem

41 2089 200 2272 {Zdeare
227 2169 486 2221 respondisse,
507 2170 613 2220 quod
643 2170 831 2220 Servius3
863 2172 922 2210 sin
953 2173 1078 2221 aliter,
1109 2175 1228 2214 etiam

87 2237 336 2272 ntroversum
372 2233 433 2272 ius
469 2247 583 2273 nosse
620 2240 661 2273 et
693 2239 861 2275 tractare
894 2237 1060 2276 videare.
1129 2239 1229 2287 Qua·
1245 2241 1298 2283 29

20 2304 60 2398 ,ἅ
608 2301 636 2328 D
