1462 2398
81 841 134 882 64

86 1625 138 1666 65

152 166 200 203 34
516 164 618 203 PRO
647 164 688 203 L.
721 164 770 203 Μ
773 163 962 203 URENA
967 195 974 202 .

149 279 172 303 a
206 265 372 304 Platone
405 270 446 304 et
483 265 709 312 Aristotele,
742 264 937 304 moderati
969 264 1150 303 homines
1183 269 1224 303 et
1251 268 1344 302 tem-

148 330 285 381 perati,
344 330 457 368 aiunt
511 330 617 381 apud
673 331 892 382 sapientem
946 330 1077 368 valere
1133 327 1346 380 aliquando

149 395 341 446 gratiam3
384 395 458 433 viri
495 395 587 434 boni
622 408 705 433 esse
738 395 915 434 misereri
930 410 940 444 ;
982 395 1170 433 distincta
1201 406 1346 445 genera

150 473 233 499 esse
289 459 525 499 delictorum
571 464 612 498 et
658 460 834 512 dispares
881 473 1051 511 poenas,
1111 472 1194 499 esse
1241 457 1347 510 apud

150 524 351 564 hominem
407 529 655 563 constantem
711 524 938 576 ignoscendi
994 524 1147 573 locum;
1215 523 1346 574 ipsum

150 589 370 640 sapientem
426 602 540 639 saepe
597 589 748 640 aliquid
805 589 968 640 opinari,
1018 588 1123 639 quod
1174 587 1347 635 nesciat;

150 653 265 692 irasci
312 667 638 704 nonnumquam3
689 654 843 693 exorari
887 653 1055 692 eundem
1095 658 1135 692 et
1178 652 1321 704 placari
1336 666 1347 699 ;

150 718 257 770 quod
294 717 452 766 dixerit,
491 717 704 767 interdum,
739 718 772 757 si
804 718 862 757 ita
893 718 1039 757 rectius
1072 718 1134 767 sit,
1169 721 1323 756 mutare
1338 731 1348 764 ;

151 783 200 822 de
247 782 446 822 sententia
493 782 682 822 decedere
721 782 958 834 aliquand03
1004 795 1141 821 omnes
1178 781 1348 820 virtutes

151 847 426 887 mediocritate
460 847 632 899 quadam
665 861 748 886 esse
782 847 1018 886 moderatas.
1078 845 1231 885 XXXI.
1263 845 1349 884 Hos

151 913 201 951 ad
247 913 458 964 magistros
504 912 537 951 si
583 926 661 963 qua
698 918 738 951 te
775 912 949 960 fortuna,
988 912 1099 960 Cat0‚
1139 924 1229 954 cum
1271 910 1349 949 ista

151 982 295 1016 natura
332 977 552 1025 detulisset,
589 991 669 1016 non
708 982 753 1016 tu
786 977 948 1027 quidem
981 977 1044 1015 vir
1075 976 1214 1016 melior
1246 988 1348 1015 esses

151 1055 222 1082 nec
269 1042 411 1081 fortior
457 1055 529 1081 nec
577 1042 863 1094 temperantior
909 1055 980 1081 nec
1027 1041 1168 1080 iustior
1205 1042 1349 1091 (neque

152 1107 258 1146 enim
287 1119 370 1146 esse
393 1106 536 1158 potes),
557 1106 626 1145 sed
654 1106 772 1157 paulo
801 1106 852 1145 ad
880 1106 1085 1146 lenitatem
1105 1105 1346 1158 propensior.

153 1172 245 1211 Non
301 1184 500 1210 accusares
551 1170 671 1210 nullis
722 1158 918 1210 adductus
964 1170 1192 1219 inimicitiis,
1241 1169 1350 1208 nulla
1383 1182 1393 1186 “

152 1236 354 1276 lacessitus
390 1236 543 1284 iniuria,
580 1235 913 1286 pudentissimum
951 1235 1162 1282 hominem,
1197 1247 1351 1274 summa

154 1301 348 1353 dignitate
382 1306 502 1352 atque
534 1300 742 1340 honestate
770 1300 995 1352 praeditum
1009 1314 1020 1349 3
1058 1304 1228 1351 putares,
1260 1312 1350 1338 cum

154 1367 195 1405 in
243 1366 418 1404 eiusdem
466 1365 559 1404 anni
606 1365 786 1404 custodia
823 1369 863 1404 te
901 1369 1020 1415 atque
1058 1364 1099 1403 L.
1141 1364 1350 1403 Murenam

154 1431 315 1470 fortuna
351 1430 557 1481 posuisset,
594 1429 726 1481 aliquo
763 1434 803 1468 te
841 1443 929 1469 cum
966 1430 1040 1468 hoc
1076 1428 1135 1468 rei
1170 1428 1351 1480 publicae

155 1495 313 1535 vinculo
347 1508 430 1533 esse
463 1495 742 1543 coniunctum3
782 1494 889 1546 quod
922 1494 1109 1533 atrociter
1137 1493 1179 1532 in
1212 1498 1352 1532 senatu

157 1560 306 1608 dixisti,
337 1564 406 1598 aut
435 1573 515 1597 non
543 1559 711 1598 dixisses
739 1565 819 1607 aut,
851 1559 884 1598 si
913 1559 1120 1610 posuisses,
1153 1557 1352 1597 mitiorem

157 1626 198 1664 in
235 1629 390 1676 partem
426 1625 742 1674 interpretarere.
800 1624 860 1663 Ac
899 1628 938 1663 te
975 1624 1117 1674 ipsum,
1157 1627 1354 1674 quantum

158 1703 230 1741 ego
256 1689 440 1740 opinione
467 1701 648 1739 auguror,
671 1701 775 1726 nunc
799 1692 840 1727 et
862 1687 984 1726 animi
1007 1687 1178 1738 quodam
1201 1687 1354 1737 impetu

158 1754 399 1794 concitatum
438 1742 478 1792 et
510 1753 550 1791 vi
589 1758 770 1803 naturae·
792 1756 911 1804 atque
948 1751 1099 1803 ingenii
1132 1750 1280 1790 elatum
1314 1755 1355 1790 et

1347 1524 1462 1584 suppo*

158 1818 382 1858 recentibus
436 1821 736 1868 praeceptorum
792 1810 934 1855 studiis
989 1816 1222 1867 flagrantem
1276 1815 1356 1854 iam
1372 1805 1462 1844 §Um

160 1897 253 1923 usus
292 1884 435 1929 flectet,
475 1882 558 1921 dies
596 1882 728 1930 leniet,
769 1886 876 1920 aetas
918 1880 1127 1932 mitigabit.
1195 1879 1355 1919 Etenim

160 1949 228 1988 isti
256 1948 332 2000 ipsi
360 1947 458 1986 mihi
478 1947 666 1986 videntur
684 1946 807 1985 vestri
835 1950 1109 1996 praeceptores
1137 1948 1177 1983 et
1195 1944 1358 1983 virtutis

161 2013 340 2066 magistri
369 2013 466 2051 fines
491 2011 710 2062 ’officiorum
737 2010 856 2062 paulo
885 2010 1051 2061 longius,
1073 2022 1194 2060 quam
1215 2015 1358 2049 natura

163 2079 293 2126 vellet,
315 2066 550 2128 protulisse,
586 2082 643 2123 ut,
678 2089 766 2114 cum
804 2075 855 2114 ad
887 2074 1072 2113 ultimum
1106 2075 1239 2114 animo
1271 2087 1359 2114 con-

165 2143 439 2189 tendissemus,
461 2141 516 2180 ibi
545 2146 690 2187 tamen,
712 2140 780 2179 ubi
810 2144 1021 2190 oporteret,
1043 2139 1356 2180 consisteremus.

167 2190 544 2258 ‘Nihil-ignoveris?
601 2205 728 2244 Immo
748 2203 908 2255 aliquid,
925 2217 1005 2242 non
1022 2203 1165 2242 omnia.
1225 2202 1359 2243 ‘Nihil

165 2273 315 2326 gratiae
362 2270 620 2310 comesseris'
687 2270 814 2308 Immo
857 2268 1031 2308 resistito
1067 2268 1230 2319 gratiae,
1269 2280 1359 2308 cum

1447 2316 1462 2398 νίκη-’νη
1460 2291 1462 2294 Α
1448 2228 1462 2237 .’
1456 2207 1459 2209 -
1460 2176 1462 2178 .
