1462 2398
183 130 228 166 1ss
545 127 649 166 ,PRO
681 127 719 166 L.
752 127 801 166 Μ
808 126 1011 166 URENA.

179 233 340 280 propter
374 242 453 267 non
487 227 614 267 solum
648 226 716 266 illa
748 227 874 279 gloria
907 227 1090 266 militaris
1125 226 1268 266 vestris
1301 226 1374 265 for-

133 281 139 287 ⁴
180 293 297 332 mulis
318 297 435 343 atque
455 292 678 331 actionibus
697 292 975 343 anteponenda
1001 296 1072 339 est,
1094 304 1235 330 verum
1254 290 1374 330 etiam

178 357 335 396 dicendi
383 357 627 410 consuetudo
674 356 791 408 longe
829 362 870 396 et
908 357 1080 395 multum
1116 356 1185 397 isti
1223 360 1376 395 vestrae

178 421 455 461 exercitationi
493 421 543 460 ad
580 421 771 462 honorem
809 421 1022 461 antecellit.
1098 420 1240 473 Itaque
1277 419 1374 458 mihi

179 487 364 530 videntur
401 486 579 538 plerique
617 486 733 525 initio
771 486 898 525 multo
935 485 1009 525 hoc
1043 480 1239 537 maluisse,
1272 488 1375 537 post,

179 565 267 591 cum
303 551 345 590 id
384 551 546 602 adsequi
584 564 665 590 non
703 550 938 602 potuissent,
977 550 1079 589 istuc
1125 549 1375 602 potissimum

178 622 271 656 sunt
308 615 470 667 delapsi.
541 615 602 655 Ut
639 615 750 654 aiunt
788 616 828 654 in
867 615 1028 672 Graecis
1062 615 1277 654 artificibus
1310 627 1376 654 eos

141 681 364 733 'auloedos
391 694 485 729 esse,
514 680 583 731 qui
612 680 830 719 citharoedi
858 680 942 719 fieri
970 693 1050 718 non
1079 679 1295 732 potuerint,
1320 679 1375 718 sic

179 760 249 786 nos
286 745 478 793 videmus,
515 745 582 796 qui
621 749 797 784 oratores
835 745 1001 784 evadere
1039 757 1120 784 non
1157 744 1372 796 potuerint,

179 824 243 851 eos
281 810 331 850 ad
368 810 466 849 iuris
512 809 689 855 studium
737 809 933 849 devenire.
966 798 969 801 v
1010 809 1181 861 Magnus
1218 808 1375 848 dicendi

178 876 298 924 labor,
339 888 483 926 magna
520 887 593 922 res,
633 887 777 925 magna
822 874 1008 925 dignitas,
1049 887 1204 912 summa
1240 878 1373 912 autem

177 940 313 992 gratia.
372 939 532 978 Etenim
561 953 584 978 a
611 939 724 994 vobis
757 938 970 977 salubritas
1000 938 1206 989 quaedam,
1236 938 1285 977 ab
1313 938 1373 986 iis,

179 1005 248 1057 qui
284 1004 432 1052 dicunt,
469 1003 574 1042 salus
611 1004 698 1055 ipsa
734 1003 896 1054 petitur.
965 1003 1123 1042 Deinde
1156 1008 1288 1042 vestra
1319 1015 1376 1042 re—

178 1083 322 1121 sponsa
359 1074 479 1120 atque
518 1068 676 1107 decreta
714 1072 754 1106 et
791 1072 1026 1107 evertuntur
1058 1081 1174 1119 saepe
1206 1067 1374 1107 dicendo

179 1140 220 1174 et
250 1134 334 1173 sine
365 1133 597 1185 defensionev
627 1133 794 1171 oratoris
827 1133 941 1171 firma
971 1145 1054 1173 esse
1085 1145 1166 1171 non
1195 1137 1372 1183 possunt.

179 1199 227 1238 In
259 1212 337 1250 qua
370 1198 402 1237 si
437 1197 532 1237 satis
566 1198 832 1248 profecissem,
866 1197 1021 1248 parcius
1054 1196 1103 1235 de
1137 1196 1221 1240 eius
1258 1196 1375 1235 laude

179 1263 375 1312 dicerem;
410 1276 516 1302 nunc
545 1262 646 1301 nihil
674 1262 724 1301 de
752 1275 815 1301 me
841 1262 940 1310 dico,
972 1261 1040 1300 sed
1069 1261 1118 1300 de
1146 1261 1204 1309 iis,
1236 1261 1305 1312 qui
1333 1261 1375 1300 in

179 1328 346 1368 dicendo
366 1328 501 1379 magni
520 1332 613 1366 sunt
633 1332 701 1366 aut
720 1327 893 1366 fuerunt.

108 1399 162 1441 30
233 1393 344 1432 XIV.
371 1393 484 1432 Duae
505 1397 598 1431 sunt
617 1397 734 1440 artes,
755 1405 855 1443 quae
875 1392 1029 1442 possint
1049 1391 1177 1430 locare
1196 1390 1375 1430 homines

179 1459 221 1497 in
264 1457 506 1508 amplissimo
549 1456 677 1508 gradu
721 1456 941 1508 dignitatis,
986 1469 1067 1495 una
1111 1456 1374 1508 imperatoris,

179 1523 304 1562 altera
329 1522 495 1562 oratoris
519 1521 622 1561 boni.
682 1522 747 1561 Ab
776 1521 850 1560 hoc
879 1521 984 1560 enim
1012 1521 1118 1572 pacis
1143 1511 1378 1560 ornamenta

179 1588 414 1634 retinentur,
435 1587 484 1625 ab
504 1586 573 1625 illo
594 1586 686 1624 belli
707 1586 881 1636 pericula
900 1585 1157 1636 repelluntur.
1212 1585 1376 1625 Ceterae

180 1647 314 1691 tamen
338 1651 506 1690 virtutes
536 1651 644 1701 ipsae
672 1663 742 1701 per
771 1663 812 1689 se
841 1650 1013 1688 multum
1039 1649 1184 1698 valent,
1209 1649 1374 1697 iustitia,

180 1716 289 1763 fides,
309 1715 450 1767 pudor,
472 1715 735 1766 temperantia
748 1730 759 1764 3
788 1714 931 1765 quibus
957 1718 1009 1761 te,
1035 1713 1160 1760 Servi,
1185 1713 1375 1753 excellere

181 1794 316 1821 omnes
335 1779 584 1831 intellegunt.
643 1778 722 1818 Sed
747 1792 852 1817 nunc
878 1778 927 1817 de
954 1778 1096 1817 studiis
1116 1778 1167 1832 ad
1185 1777 1374 1817 honorem

181 1845 382 1898 adpositis,
423 1858 503 1883 non
540 1844 590 1883 de
629 1844 750 1882 insita
788 1843 978 1894 cuiusque
1007 1832 1161 1882 ‘virtute
1199 1842 1374 1895 disputo,

182 1909 326 1949 Omnia
362 1910 438 1948 ista
474 1909 589 1948 nobis
628 1908 760 1947 studia
797 1907 846 1946 de
883 1907 1065 1946 manibus
1106 1907 1374 1956 excutiuntur,

176 1973 298 2014 >simul
334 1979 453 2025 atque
491 1973 613 2024 aliqui
654 1978 787 2012 motus
833 1985 960 2011 novus
1006 1972 1191 2011 bellicum
1236 1985 1375 2012 canere

181 2039 319 2091 coepit.
377 2038 549 2086 Etenim,
585 2043 629 2077 ut
664 2038 721 2077 ait
753 2037 979 2089 ingeniosus
1011 2041 1129 2088 poeta
1166 2042 1206 2076 et
1238 2041 1376 2078 auctor

181 2104 295 2143 valde
321 2104 458 2151 bonus,
486 2107 495 2124 ‘
511 2102 669 2153 proeliis
695 2101 955 2154 promulgatis
983 2101 1145 2152 pellitur
1171 2115 1192 2141 e
1220 2101 1375 2142 medio'

179 2182 259 2208 non
287 2167 413 2207 solum
443 2167 519 2206 ista
543 2172 675 2206 vestra
700 2167 866 2206 verbosa
894 2165 1094 2206 simulatio
1123 2165 1378 2217 prudentiae,
1446 2153 1462 2207 ,ἐ

180 2233 250 2273 sed
287 2233 407 2272 etiam
444 2233 530 2283 ipsa
565 2231 634 2270 illa
671 2231 831 2270 domina
868 2244 1012 2278 rerum,
1054 2231 1296 2282 ‘sapientia3
1333 2230 1375 2275 vi
1445 2200 1462 2257 1

1375 2298 1381 2316 b

1366 2283 1425 2398 ,11
