1462 2398
188 120 235 156 12
550 115 655 155 PRO
682 115 724 155 L.
755 113 1016 154 MURENA.

183 231 262 269 quo
300 217 486 262 intendit.
527 221 680 255 mature
719 228 807 255 cum
850 214 1027 254 exercitu
1070 213 1300 264 perveniat3
1339 218 1380 252 te

183 283 386 334 gallorum,
431 282 543 321 illum
586 281 815 320 bucinarum
865 284 1003 318 cantus
1050 277 1267 317 exsuscitat
1279 291 1290 326 3
1335 281 1380 317 tu

184 348 378 386 actionem
426 346 615 395 instituis,
656 345 722 383 ille
765 344 887 383 aciem
935 342 1099 382 instruit
1115 358 1126 392 3
1171 347 1216 380 tu
1246 354 1377 396 caves,

184 426 233 450 ne
267 412 325 450 tui
359 410 614 456 consultores,
650 409 728 457 ille,
769 422 819 448 ne
856 408 973 447 urbes
1011 412 1080 455 aut
1117 411 1245 446 castra
1281 406 1381 458 capi-

184 482 328 524 antur3
374 475 440 514 ille
481 479 592 530 tergit
631 479 672 513 et
711 473 795 520 scit,
836 478 881 512 ut
918 472 1096 516 hostium
1137 471 1283 522 copiae,
1321 475 1379 518 tu,

152 556 155 572 κ
183 550 230 580 ut
258 553 382 591 aquae
410 539 571 592 pluviae
600 543 809 578 arceantur
822 553 832 586 3
870 537 936 576 ille
973 536 1213 576 exercitatus
1246 540 1307 575 est
1338 535 1380 575 in

183 603 447 656 propagandis
487 603 642 651 finibus,
686 607 732 641 tu
771 602 812 640 in
855 600 1046 653 regendis.
1105 600 1163 639 Ac
1192 599 1379 638 nimirum

185 668 411 719 (dicendum
463 673 524 706 est
580 667 687 706 enim
738 666 844 717 quod
896 665 1042 717 sentio)
1088 665 1146 706 rei
1197 664 1380 703 militaris

183 734 310 772 virtus
327 736 331 741 ’
350 737 527 784 praestat
566 731 706 771 ceteris
746 731 939 770 omnibus
992 729 1051 786 ΠΧ]
1090 729 1198 768 Haec
1237 727 1380 768 nomen

182 797 329 849 populo
358 797 548 843 Romano,
589 797 683 835 haec
721 795 812 834 huic
851 795 940 834 urbi
979 786 1178 834 aeternam
1215 794 1381 846 gloriam

183 863 348 914 peperit,
388 862 483 902 haec
522 861 659 901 orbem
693 866 888 899 terrarum
921 872 1058 911 parere
1091 859 1182 898 huic
1215 859 1380 910 imperio

183 927 334 978 coegit3
394 939 530 965 omnes
577 926 870 982 urbanae-jes,
919 924 1051 963 omnia
1105 923 1201 963 haec
1246 929 1382 963 nostra

183 991 382 1043 praeclara
410 990 543 1030 studia
571 995 611 1029 et
648 982 744 1029 haec
781 989 949 1028 forensis
985 988 1071 1027 laus
1109 993 1149 1027 et
1186 987 1382 1028 industria

182 1056 310 1096 latent
364 1056 406 1094 in
462 1055 590 1094 tutela
644 1068 688 1094 ac
735 1053 932 1106 praesidio
987 1053 1150 1102 bellicae
1206 1052 1377 1092 virtutis.

183 1120 310 1160 Simul
338 1125 458 1171 atque
494 1119 692 1170 increpuit
720 1118 891 1169 suspicio
919 1117 1128 1165 tumultus,
1157 1123 1263 1156 artes
1291 1116 1380 1156 ilico

182 1190 338 1224 nostrae
367 1184 644 1224 conticescunt.

112 1245 166 1287 23
237 1249 291 1288 Et
327 1249 515 1300 quoniam
553 1247 651 1286 mihi
689 1247 837 1286 videris
874 1247 991 1286 istam
1033 1246 1238 1294 scientiam
1284 1246 1382 1290 iuris

181 1319 385 1365 tamquam
423 1313 584 1352 filiolam
623 1311 789 1362 osculari
826 1316 948 1365 tuam,
987 1314 1079 1357 nonJ
1105 1311 1234 1362 patiar
1265 1315 1306 1350 te
1336 1310 1379 1349 in

181 1382 296 1418 tanto
315 1391 446 1417 errore
466 1377 626 1425 versari,
648 1381 693 1432 ut
717 1376 828 1416 istud
853 1375 985 1414 nescio
1011 1375 1118 1426 quid,
1140 1374 1247 1426 quod
1266 1379 1380 1414 tanto

182 1455 300 1494 opere
345 1439 533 1490 dilexisti,
583 1440 828 1492 praeclarum
866 1439 1016 1491 aliquid
1054 1437 1138 1479 esse
1175 1432 1375 1489 arbitrere.

182 1506 284 1546 Aliis
312 1519 384 1558 ego
413 1511 454 1545 te
479 1505 711 1552 virtutibus,
731 1504 1011 1553 continentiae,
1032 1503 1251 1556 gravitatis,
1271 1503 1381 1543 iusti-

181 1571 272 1618 tiae,
294 1571 398 1619 fidei,
420 1570 561 1610 ceteris
581 1569 778 1618 omnibus,
799 1569 1007 1608 consulatu
1033 1573 1073 1607 et
1099 1568 1209 1607 omni
1231 1567 1380 1608 honore

181 1649 335 1686 semper
381 1635 659 1686 dignissimum
706 1633 877 1672 iudicavi
894 1648 905 1682 3
959 1633 1065 1684 quod
1112 1632 1275 1683 quidem
1317 1633 1380 1672 ius

181 1699 296 1739 civile
334 1699 523 1746 didicisti,
559 1712 640 1738 non
677 1697 818 1746 dicam,
853 1711 1011 1749 operam
1051 1696 1271 1748 perdidisti,
1310 1696 1380 1736 sed

180 1764 279 1803 illud
309 1763 448 1809 dicam,
482 1762 633 1801 nullam
661 1775 744 1801 esse
772 1762 814 1800 in
843 1762 919 1800 ista
947 1761 1156 1812 disciplina
1183 1761 1379 1808 munitam

180 1829 232 1868 ad
251 1827 499 1875 consulatum
520 1827 636 1866 viam.
696 1826 843 1865 Omnes
869 1827 975 1865 enim
1001 1830 1117 1874 artes,
1139 1838 1240 1876 quae
1264 1825 1379 1864 nobis

179 1893 316 1944 populi
354 1891 524 1932 Romani
570 1890 704 1930 studia
750 1890 970 1947 concilient,
1019 1894 1060 1929 et
1104 1889 1379 1929 admirabilem

179 1958 419 2009 dignitatem
452 1961 493 1995 et
524 1960 750 2007 pergratam
787 1955 1004 1994 utilitatem
1041 1953 1189 1993 debent
1219 1953 1376 1995 habere.

109 2022 162 2063 24
182 2022 251 2061 XI.
295 2022 459 2061 Summa
492 2020 666 2072 dignitas
700 2024 761 2059 est
793 2019 835 2058 in
868 2008 929 2067 iis}
964 2019 1032 2070 qui
1065 2019 1230 2058 militari
1260 2018 1379 2059 laude

179 2086 447 2134 antecellunt;
488 2085 621 2124 omnia
653 2084 770 2132 enim,
806 2097 906 2135 quae
939 2088 1034 2122 sunt
1066 2083 1107 2122 in
1141 2083 1307 2136 imperio
1336 2087 1379 2124 et

179 2151 221 2190 in
241 2155 349 2199 statu
369 2149 554 2196 civitatis,
576 2149 625 2187 ab
649 2148 711 2187 his
735 2147 896 2188 defendi
923 2153 963 2187 et
989 2147 1137 2186 firmari
1162 2152 1358 2200 putantur
1365 2162 1378 2197 ;

181 2229 334 2255 summa
366 2214 487 2253 etiam
521 2213 686 2259 utilitas,
717 2213 757 2266 si
782 2212 944 2264 quidem
978 2225 1114 2252 eorum
1143 2213 1310 2252 consilio
1335 2210 1379 2253 et
1439 2208 1462 2234 :-
