1462 2398
197 144 243 180 18
560 141 662 180 PRO
691 142 731 180 L.
764 141 1019 181 MURENA.

193 255 243 281 ex
275 241 392 281 Italia
425 242 600 293 expulso,
634 256 683 280 ex
715 242 848 280 Africa
878 242 1014 286 eiecto,
1050 240 1290 292 Carthagine
1324 254 1388 292 op-

191 319 326 357 pressa
343 307 527 345 maximis
546 306 729 357 periculis
749 319 831 345 rem
852 306 1047 357 publicam
1074 306 1292 354 liberasset,
1312 305 1389 344 nisi

192 371 291 410 illud
337 385 455 423 grave
498 371 644 410 bellum
683 376 724 409 et
760 371 972 410 vehemens
1011 374 1227 422 putaretur.
1297 370 1385 409 XV.

193 434 319 484 Atqui
362 434 394 471 si
436 433 659 484 diligenter,
700 433 796 484 quid
837 433 1095 472 Mithridates
1136 432 1312 483 potuerit
1348 437 1390 472 et

193 498 289 549 quid
318 498 491 537 effecerit
519 502 559 536 et
587 498 655 550 quj
675 498 736 536 vir
758 497 889 544 fuerit,
913 491 1183 546 consideraris,
1206 497 1388 536 omnibus

195 563 362 614 regibus,
385 562 620 613 quibuscum
648 562 818 613 populus
846 562 1049 601 Romanus
1079 562 1226 605 bellum
1255 562 1388 614 gessit,

193 627 298 665 hunc
339 640 471 678 regem
513 627 704 665 nimirum
751 631 995 678 antepones;
1041 640 1156 677 quem
1194 627 1236 665 L.
1280 625 1389 666 Sulla

193 693 366 730 maximo
405 697 446 730 et
482 691 698 730 fortissimo
735 691 922 739 exercitu,
958 704 1118 748 pugnax
1152 696 1192 730 et
1224 703 1312 730 acer
1349 695 1388 729 et

194 770 271 794 non
318 756 428 794 rudis
474 756 700 807 imperator,
745 761 790 794 ut
836 755 944 795 aliud
983 755 1082 794 nihil
1120 755 1260 804 dicam,
1299 769 1388 794 cum

194 821 340 860 bellum
360 821 560 873 invectum
581 826 707 859 totam
730 821 771 859 in
791 820 930 859 Asiam
949 821 1162 871 confecisset,
1183 834 1272 860 cum
1294 833 1388 872 pace

192 886 343 924 dimisit
355 901 365 934 3
395 899 513 936 quem
533 885 576 924 L.
599 885 779 933 Murena,
800 890 914 936 pater
933 873 1106 934 huiusce,
1132 885 1388 927 vehementis-

192 950 288 989 sime
307 950 689 1001 vigilantissimeque
708 955 910 997 vexatum,
932 963 1152 1001 repressum
1173 963 1316 1001 magna
1338 962 1388 988 ex

191 1020 313 1066 parte,
341 1028 421 1054 non
451 1028 682 1066 oppressu-m
709 1015 872 1065 reliquit
886 1030 896 1064 ;
927 1015 994 1066 qui
1024 1028 1106 1062 rex,
1133 1014 1208 1053 sibi
1237 1014 1388 1065 aliquot

191 1080 306 1118 annis
344 1080 513 1130 sumptis
552 1079 603 1119 ad.
640 1079 928 1118 confirmandas
967 1079 1142 1119 rationes
1181 1084 1222 1118 et
1257 1079 1388 1130 copias

191 1144 294 1192 belli,
327 1149 484 1183 tantum
517 1158 585 1196 spe
614 1149 835 1195 conatuque
865 1144 1001 1192 valuit,
1032 1150 1078 1183 ut
1111 1158 1151 1183 se
1185 1144 1385 1183 Oceanum

191 1222 279 1248 cum
313 1209 454 1256 Ponto,
490 1209 654 1248 Sertorii
688 1209 818 1259 copias
852 1222 939 1247 cum
973 1209 1054 1247 suis
1084 1209 1386 1247 coniuncturum

119 1280 172 1322 33
190 1279 359 1326 putaret.
430 1274 496 1312 Ad
534 1274 640 1324 quod
679 1273 826 1313 bellum
866 1273 1020 1312 duobus
1058 1273 1284 1312 oonsulibus
1330 1273 1386 1312 ita

190 1339 328 1386 missis,
373 1344 418 1377 ut
459 1338 558 1378 alter
605 1338 882 1377 Mithridatem
929 1342 1242 1389 persequeretur,
1285 1337 1386 1376 alter

189 1403 422 1454 Bithyniam
459 1407 647 1451 tueretur,
689 1402 852 1441 alterius
890 1415 952 1452 res
989 1408 1030 1441 et
1066 1406 1172 1441 terra
1209 1406 1250 1440 et
1286 1403 1385 1441 mari

189 1468 438 1514 calamitosae
484 1467 742 1506 vehementer
788 1473 828 1506 et
875 1480 968 1517 opes
1014 1466 1117 1518 regis
1159 1471 1199 1505 et
1241 1479 1386 1506 nomen

189 1537 410 1581 auxerunt3
451 1532 494 1571 L.
536 1531 689 1570 Luculli
729 1545 820 1570 vero
859 1545 919 1570 res
958 1536 1093 1589 tan-tae
1131 1531 1383 1583 exstiterunt,

189 1602 234 1636 ut
267 1610 394 1648 neque
428 1596 554 1635 maius
587 1596 734 1635 bellum
769 1595 1066 1635 commemorari
1099 1595 1224 1646 possit
1256 1608 1384 1646 neque

188 1662 334 1700 maiore
362 1660 524 1699 consilio
545 1666 584 1699 et
605 1661 753 1699 virtute
779 1665 944 1711 gestum.
1005 1659 1121 1705 Nam,
1143 1673 1231 1700 cum
1260 1660 1384 1698 totius

187 1727 358 1777 impetus
396 1725 488 1763 belli
526 1725 576 1763 ad
615 1725 900 1775 Cyzicenorum
943 1724 1101 1762 moenia
1141 1723 1383 1763 constitisset

187 1803 350 1840 eamque
383 1789 522 1827 urbem
555 1788 630 1826 sibi
665 1787 921 1826 Mithridates
954 1787 1073 1826 Asiae
1106 1787 1265 1826 ianuam
1297 1787 1382 1826 fore

185 1859 374 1910 putgsset¹
414 1867 492 1904 qua
529 1854 690 1892 effracta
726 1858 767 1891 et
803 1852 960 1892 revulsa
993 1858 1078 1891 tota
1109 1856 1266 1902 pateret
1295 1865 1383 1904 -pro—

165 1919 323 1971 ⁴vincia,
358 1918 533 1969 perfecta
562 1919 626 1959 ita,
656 1931 679 1956 a
711 1917 878 1956 Lucullo
909 1917 1004 1955 haec
1037 1921 1131 1954 sunt
1163 1912 1314 1964 omnini
1337 1922 1382 1956 ut

183 1987 216 2022 et
261 1983 354 2022 urbs
401 1982 720 2021 fidelissimorum
767 1982 962 2020 sociorum
1014 1980 1296 2021 defenderetur
1341 1987 1380 2020 et

183 2062 317 2087 omnes
338 2048 472 2098 copiae
502 2047 604 2098 regis
634 2046 901 2085 diuturnitate
926 2045 1162 2084 obsessionis
1182 2059 1381 2086 consume-

183 2117 330 2152 rentur.
390 2111 523 2159 Quid‘l
552 2111 661 2153 illam
680 2125 851 2162 pugnam
874 2110 1054 2149 navalem
1083 2110 1134 2149 ad
1162 2110 1379 2162 Tenedum,

181 2191 269 2217 cum
297 2182 505 2216 contento
551 2189 677 2226 cursu,
728 2176 926 2214 acerrimis
978 2175 1154 2223 ducibus,
1204 2174 1380 2214 hostium

181 2241 313 2280 classis
360 2240 517 2279 Italiam
566 2253 634 2290 spe
680 2245 799 2290 atque
843 2239 984 2278 animis
1026 2239 1164 2278 inflata
1209 2243 1375 2290 peteret,
