1462 2398
460 149 564 188 PRO
596 147 633 186 J.
666 146 926 187 MURENA.
1243 144 1288 181 19

93 251 342 310 meQi„
303 250 517 299 certamine
535 254 588 299 et
602 261 738 299 parva
766 246 1019 286 dimicatione
1043 244 1291 284 commissam

97 305 328 360 affiitraris?
383 315 505 354 Mitto
542 313 702 365 proelia,
736 317 939 363 praetereo
979 309 1291 362 oppugnationes

97 380 357 433 oppidorum·
348 410 358 428 ,
398 379 585 430 expulsus
615 391 736 429 regno
770 376 931 416 tandem
964 374 1176 426 aliquando
1209 378 1292 412 tau-

97 451 183 485 tum
215 450 349 484 tamen
382 442 696 493 consilioatque
730 442 966 481 auctoritate
1000 439 1137 486 valuit,
1172 443 1218 477 ut
1251 451 1291 477 se

96 523 187 561 rege
224 509 504 549 Armeniorum
542 508 728 547 adiuncto
766 506 879 545 novis
916 506 1058 557 opibus
1092 504 1291 556 copiisque

98 575 308 622 renovarit.
367 573 476 613 XVI.
513 574 582 621 Ac,
616 573 647 611 si
680 571 779 625 milii
810 585 914 610 nunc
945 571 993 609 de
1024 570 1141 608 rebus
1171 568 1291 620 gestis

97 646 202 679 esset
228 639 354 678 nostri
382 639 578 678 exercitus
608 637 934 689 imperatorisque
963 635 1185 683 dicendum,
1211 633 1293 685 plu—

98 705 197 743 rima
226 709 267 744 et
296 704 468 742 maxima
498 703 647 754 proelia
676 714 981 756 commemorare
1011 714 1190 751 possem,
1223 698 1291 738 sed

96 783 177 809 non
213 769 254 808 id
293 769 455 820 agimus.
515 768 601 806 Hoc
635 767 746 805 dico:
789 767 830 805 Si
863 766 1011 805 bellum
1044 765 1127 813 hoc,
1164 764 1195 803 si
1227 764 1292 803 hic
1309 761 1361 802 34

98 834 233 883 hostis,
256 834 288 872 si
317 833 383 872 ille
410 846 482 871 rex
511 831 823 871 contemnendus
852 831 1001 879 fuisset,
1023 843 1150 881 neque
1179 833 1293 868 tanta
1321 858 1323 860 -

98 913 190 939 cura
209 904 367 938 senatus
397 903 437 937 et
465 897 633 948 populus
662 897 863 939 Romanus
892 894 1186 946 suscipiendum
1205 899 1292 945 put-

98 970 203 1003 asset
234 976 362 1014 neque
394 968 456 1001 tot
489 975 612 1001 annos
645 961 830 1013 gessisset
862 973 991 1011 neque
1023 964 1136 1011 tanta
1167 958 1292 1011 gloria

100 1029 140 1067 L.
173 1028 372 1077 Lucullus,
404 1041 532 1081 neque
560 1040 654 1066 vero
685 1027 767 1065 eius
798 1026 889 1065 belli
919 1025 1149 1065 conficiendi
1178 1038 1292 1076 nego—

98 1093 198 1132 tium
217 1098 330 1132 tanto
345 1092 477 1137 studio
497 1092 663 1143 populus
679 1091 880 1131 Romanus
900 1091 949 1130 ad
969 1090 1040 1130 On.
1058 1090 1288 1141 Pompeium

99 1158 316 1198 detulisset.
393 1157 516 1197 Cuius
554 1170 604 1196 ex
641 1157 823 1196 omnibus
861 1156 1015 1207 pugnis,
1054 1168 1155 1206 quae
1199 1160 1291 1195 sunt

97 1221 414 1269 innumerabiles,
447 1222 510 1261 vel
541 1222 728 1262 acerrima
759 1221 856 1259 mihi
886 1221 1046 1260 videtur
1077 1220 1156 1268 illa,
1191 1233 1290 1271 quae

97 1301 186 1328 cum
215 1301 304 1339 rege
335 1287 542 1327 commissa
572 1294 631 1325 est
662 1292 702 1325 et
732 1299 886 1325 summa
916 1285 1170 1324 contentione
1198 1297 1292 1335 pug-

97 1357 200 1392 nata.
259 1351 345 1401 Qua
377 1365 427 1391 ex
457 1365 589 1403 pugna
617 1363 705 1389 cum
734 1363 774 1389 sc
802 1350 868 1389 ille
897 1349 1104 1400 eripuisset
1132 1353 1172 1388 et
1200 1349 1290 1387 Bos

96 1416 266 1469 phorum
293 1415 543 1467 confugisset,
574 1429 652 1466 quo
681 1415 877 1454 exercitus
903 1414 1010 1453 adire
1038 1427 1116 1453 non
1146 1418 1288 1465 posset,

97 1480 218 1520 etiam
253 1480 296 1519 in
333 1483 511 1519 extrema
547 1479 707 1518 fortuna
753 1483 794 1518 et
819 1466 932 1530 sfuga
976 1492 1120 1517 nomen
1157 1483 1289 1517 tamen

97 1545 266 1584 retinuit
297 1544 459 1596 regium.
517 1544 658 1595 Itaque
691 1544 775 1596 ipse
809 1543 1020 1594 Pompeius
1052 1557 1174 1595 regno
1207 1557 1291 1595 pos-

98 1623 214 1659 sesso,
235 1622 286 1649 ex
309 1609 492 1648 omnibus
521 1609 598 1647 oris
627 1622 670 1648 ac
698 1608 804 1648 notis
832 1600 992 1647 sedibus
1020 1608 1134 1647 hoste
1161 1608 1288 1659 pulso,

98 1678 232 1714 tamen
251 1678 408 1713 tantum
437 1674 479 1712 in
509 1674 625 1712 unius
646 1673 776 1712 anima
794 1674 938 1725 posuit,
959 1678 1015 1720 ut,
1037 1686 1126 1712 cum
1145 1673 1286 1719 omnia,

97 1752 198 1791 quae
226 1736 294 1778 ille
325 1743 518 1787 tenuerat,
553 1738 716 1791 adierat,
751 1744 938 1790 sperarat,
974 1738 1139 1777 victoria
1172 1738 1289 1790 possi-

37 1829 40 1833 ι
74 1804 220 1852 deret,
259 1809 394 1843 tamen
435 1817 516 1843 non
553 1801 666 1850 ante,
697 1817 815 1854 quam
853 1803 965 1842 illum
1003 1804 1088 1842 vita
1125 1803 1287 1854 expulit,

97 1867 245 1908 bellum
270 1869 490 1908 confectum
517 1868 711 1908 iudicarit
770 1868 889 1907 Hunc
917 1873 962 1907 tu
990 1868 1155 1917 hostem,
1177 1868 1288 1916 Cato,

97 1916 327 1982 αοιῆιιιῃίε,
367 1946 537 1985 quocum
574 1946 645 1984 per
681 1937 743 1972 tot
780 1946 904 1971 annos
941 1937 1002 1971 tot
1038 1931 1197 1984 proeliis
1229 1937 1291 1972 tot

97 1998 353 2049 imperatores
384 1998 488 2038 bella
520 2002 736 2050 gesserunt,
771 1998 881 2036 ouius
914 1997 1070 2049 expulsi
1103 2003 1144 2036 et
1177 1998 1289 2036 eiecti

99 2062 183 2102 vita
218 2055 326 2119 tanti
357 2063 565 2102 aestimata
608 2068 678 2109 est,
723 2067 767 2101 ut
810 2067 937 2102 morte
982 2063 1064 2108 eius
1108 2063 1291 2101 nuntiata

99 2127 270 2179 denique
287 2127 437 2167 bellum
463 2128 685 2167 confectum
713 2127 997 2166 arbitraretur?
1054 2127 1141 2166 Hoc
1169 2128 1292 2179 igitur

97 2192 140 2231 in
158 2191 262 2232 bello
281 2192 325 2233 L.
345 2193 555 2232 Murenam
575 2192 749 2243 legatum
768 2191 974 2249 fortissimi
993 2192 1125 2239 animi,
1148 2193 1289 2231 summi

100 2257 264 2305 consilii,
297 2258 461 2306 maximi
494 2257 639 2297 laboris
672 2257 871 2308 cognitum
911 2245 994 2296 esse
1027 2256 1287 2302 defendimus,
