1462 2398
198 135 247 172 32
567 133 668 172 PRO
696 133 737 171 L.
771 133 1022 172 MURENA.

195 220 269 273 hoc
306 234 408 273 forte
451 232 566 282 dicet,
617 233 810 273 Catonem
858 233 1138 272 descensurum
1177 233 1227 272 ad
1264 245 1387 272 accus-

195 299 343 338 andum
382 313 461 337 non
500 299 631 347 fuisse,
671 299 750 337 nisi
787 299 897 349 prius
935 298 984 337 de
1018 312 1134 337 causa
1166 297 1388 346 iudicasset,

193 364 372 415 iniquam
418 364 557 415 legem,
596 363 756 412 iudices,
806 368 846 402 et
892 363 1074 402 miseram
1121 362 1391 402 condicionem

193 429 379 468 instituet
405 429 591 480 periculis
619 428 837 476 hominum,
866 429 899 467 si
925 427 1171 467 existimabit
1199 427 1388 466 iudicium

193 494 429 533 accusatoris
468 494 510 532 in
547 507 659 532 reum
697 506 769 547 pro
807 492 940 545 aliquo
982 492 1223 545 praeiudicio
1260 492 1390 531 valere

193 564 386 610 oportere.
770 548 777 549 ἶ

247 623 400 662 ΧΧΙΧ.
432 623 517 674 Ego
545 627 661 662 tuum
690 622 909 671 consilium,
935 622 1046 671 Cato,
1070 627 1234 674 propter
1261 621 1391 673 singu-

193 687 273 727 lare
306 688 429 726 animi
462 687 541 726 mei
574 687 624 726 de
657 691 726 726 tua
758 687 908 726 virtute
940 686 1132 726 iudicium
1164 687 1389 738 vituperare

192 766 265 791 non
285 765 436 803 possum
447 767 463 799 ,·
496 751 690 791 nonnulla
715 751 882 791 forsitan
908 752 1153 790 conformare
1181 756 1222 790 et
1249 751 1391 790 leviter

193 817 402 857 emendare
441 816 598 868 possim.
659 816 776 855 ‘Non
809 815 936 855 multa
968 816 1134 867 peccas,’-
1161 815 1294 867 inquit
1329 815 1389 869 illj

190 882 408 921 fortissimo
423 881 509 920 viro
529 881 661 920 senior
679 880 878 932 magister,
905 881 994 919 ‘sed
1014 894 1149 932 peccas
1162 896 1174 930 ;
1201 885 1241 919 te
1255 893 1389 932 regere

192 947 375 998 possum.'
429 946 487 985 At
516 959 587 998 ego
618 959 696 985 non
723 951 765 985 te
778 960 790 994 3
818 946 1020 985 verissime
1041 945 1212 985 dixerim
1230 958 1389 997 peccare

191 1016 231 1051 te
269 1011 369 1050 nihil
407 1024 536 1062 neque
574 1011 656 1050 ulla
692 1011 735 1049 in
772 1024 814 1050 re
851 1015 892 1050 te
924 1024 1008 1050 esse
1041 1010 1158 1050 huius
1190 1010 1308 1059 modi,
1343 1014 1389 1049 ut

191 1076 446 1127 corrigendus
492 1076 626 1127 potius
672 1089 791 1127 quam
828 1075 971 1115 leviter
1007 1075 1268 1115 inflectendus
1305 1088 1389 1115 esse

190 1141 360 1181 videare.
418 1141 558 1179 Finxit
587 1140 693 1179 enim
718 1145 758 1179 te
784 1140 870 1191 ipsa
891 1146 1035 1179 natura
1054 1140 1104 1179 ad
1124 1140 1385 1188 honestatem,

190 1206 439 1257 gravitatem,
496 1205 811 1256 temperantiam,
868 1205 1184 1256 magnitudinem
1251 1204 1385 1252 animi,

189 1271 395 1318 iustitiam,
416 1270 466 1309 ad
495 1283 630 1309 omnes
658 1269 828 1320 denique
852 1270 1023 1309 virtutes
1051 1282 1238 1321 magnum
1265 1269 1388 1308 homi-

189 1348 279 1374 nem
337 1339 377 1374 et
432 1334 640 1374 excelsum.
709 1334 887 1373 Accessit
932 1334 1034 1373 istuc
1079 1333 1261 1372 doctrina
1306 1347 1387 1372 non

190 1400 394 1439 moderata
439 1412 511 1438 nec
557 1399 676 1448 mitis,
717 1398 796 1447 sed,
837 1403 884 1438 ut
920 1398 1020 1437 mihi
1057 1397 1226 1447 videtur,
1269 1398 1386 1449 paulo

190 1464 367 1515 asperior
412 1468 453 1502 et
499 1463 647 1511 durior,
687 1477 807 1514 quam
844 1467 915 1502 aut
951 1463 1098 1502 veritas
1135 1467 1204 1502 aut
1243 1467 1387 1502 natura

119 1526 170 1567 61
189 1529 352 1579 patitur.
411 1528 465 1566 Et
511 1528 698 1579 quoniam
744 1541 825 1567 non
871 1532 931 1567 est
977 1527 1092 1566 nobis
1128 1527 1224 1566 haec
1260 1527 1386 1567 oratio

189 1593 372 1632 habenda
405 1597 475 1632 aut
507 1593 549 1630 in
581 1593 768 1643 imperita
800 1592 1059 1631 multitudine
1088 1597 1156 1631 aut
1184 1591 1226 1631 in
1253 1591 1385 1644 aliquo

189 1663 387 1697 conventu
443 1657 669 1708 agrestium,
723 1656 910 1696 audacius
965 1657 1084 1708 paulo
1138 1656 1188 1696 de
1242 1657 1384 1697 studiis

187 1721 460 1769 humanitatis,
490 1735 590 1772 quae
620 1727 660 1760 et
687 1721 786 1760 mihi
815 1726 856 1760 et
883 1721 995 1760 vobis
1023 1725 1119 1760 nota
1146 1726 1187 1760 et
1214 1721 1386 1762 iucunda

187 1792 294 1834 sunt,
325 1787 549 1838 disputabo.
607 1786 656 1824 In
685 1786 740 1824 M.
773 1785 935 1834 Catone,
960 1785 1119 1834 iudices,
1145 1786 1240 1824 haec
1268 1785 1383 1838 bona,

188 1866 288 1904 quae
316 1852 497 1890 videmus
530 1851 667 1891 divina
700 1855 740 1890 et
773 1851 939 1902 egregia,
969 1850 1094 1902 ipsius
1126 1851 1267 1891 scitote
1299 1865 1384 1892 esse

147 1968 149 1971 Α
188 1917 368 1969 propria;
420 1929 520 1967 quae
567 1929 867 1966 nonnumquam
913 1915 1160 1966 requirimus,
1204 1929 1250 1955 ea
1291 1922 1384 1956 sunt

187 1981 320 2021 omnia
347 1994 428 2019 non
456 1994 478 2019 a
505 1985 659 2028 natura,
680 1993 818 2019 verum
846 1993 870 2018 a
896 1979 1096 2031 magistro.
1154 1978 1249 2018 Fuit
1277 1979 1383 2019 enim

187 2047 350 2098 quidam
378 2059 532 2084 summo
560 2045 719 2096 ingenio
747 2045 819 2093 vir,
845 2045 963 2091 Zeno,
991 2044 1100 2083 cuius
1128 2029 1462 2084 inventorumssffl

186 2111 330 2150 aemuli
368 2110 492 2149 Stoici
531 2110 797 2149 nominantur.
857 2109 986 2148 Huius
1027 2109 1248 2148 sententiae
1289 2113 1382 2148 sunt

186 2181 227 2215 et
253 2179 464 2227 praecepta
492 2175 577 2214 eius
605 2173 743 2227 modi:
771 2174 990 2224 sapientem
1013 2174 1142 2226 gratia
1165 2186 1381 2225 numquam

185 2240 346 2289 moveri,
394 2252 612 2290 numquam
666 2239 925 2292 cuiusquam»
954 2238 1099 2277 delicto
1153 2237 1381 2290 ignoscam-05
1436 2273 1462 2305 d

1419 2302 1462 2398 'l
