1462 2398
171 145 194 181 4
541 143 639 183 PRO
668 143 709 182 L.
745 143 1003 182 MURENA.

170 245 231 295 egi
280 245 459 292 libenter,
509 244 618 282 illam
665 257 758 282 vero
804 243 1013 294 gravitatis
1066 242 1367 294 severitatisque

170 321 378 359 personam
407 321 486 346 non
517 308 704 359 appetivi,
737 307 806 346 sed
835 308 884 346 ab
913 321 954 346 re
989 307 1145 358 publica
1173 306 1270 345 mihi
1298 306 1367 345 im-

169 373 340 424 positam
379 372 560 419 sustinui,
601 372 703 411 sicut
740 372 858 410 huius
904 372 1060 423 imperii
1107 371 1280 423 dignitas
1325 371 1367 410 in

170 450 323 476 summo
362 437 534 488 periculo
572 437 718 475 civium
761 437 998 490 postulabat.
1076 435 1228 484 Quodsi
1268 440 1366 483 tum,

169 516 257 541 cum
283 515 344 540 res
370 501 529 552 publica
554 501 635 539 vim
659 506 699 540 et
727 501 979 547 severitatem
1007 489 1267 557 desiderabat,
1290 499 1368 540 vici

169 571 351 604 naturam
390 570 430 604 et
467 571 549 604 tam
587 565 799 604 vehemens
833 565 889 604 fui
928 579 1045 616 quam
1079 565 1257 617 cogebar,
1287 558 1367 604 non

169 643 284 681 quam
326 629 518 677 volebam,
559 643 673 677 nunc,
715 643 803 668 cum
841 643 977 669 omnes
1023 643 1085 668 me
1132 642 1271 669 causae
1317 628 1367 668 ad

169 694 478 733 misericordiam
505 699 623 745 atque
649 693 698 732 ad
726 694 1016 733 humanitatem
1042 698 1195 741 vocent,
1217 697 1367 745 quanto

126 750 331 813 &J‘tandem
364 758 498 797 studio
528 758 652 798 debeo
682 762 845 805 naturae
873 771 983 798 meae
1012 758 1367 809 consuetudinique

167 823 313 862 servire
331 826 344 862 2
401 822 460 862 Ac
479 823 529 862 de
549 822 674 862 officio
694 822 933 874 defensionis
952 835 1062 861 meae
1082 835 1126 861 ac
1145 812 1194 861 de
1214 822 1367 861 ratione

168 887 428 926 accusationis
448 892 540 926 tuae
559 887 726 926 fortasse
746 887 867 926 etiam
886 887 964 926 alia
982 887 1024 925 in
1043 893 1156 938 parte
1176 886 1368 926 orationis

169 952 382 991 dicendum
402 952 515 991 nobis
535 953 618 991 erit.

124 1011 150 1053 7
222 1017 301 1056 Sed
329 1030 403 1064 me,
432 1017 591 1066 iudices,
619 1030 700 1056 non
725 1017 857 1056 minus
886 1017 1058 1056 hominis
1087 1016 1366 1068 sapientissimi

167 1087 288 1133 atque
315 1082 566 1128 ornatissimi,
596 1081 679 1121 Ser.
701 1081 876 1132 Sulpicii,
898 1082 1129 1132 conquestio
1151 1094 1272 1132 quam
1297 1081 1366 1120 Ca-

167 1147 272 1186 tonis
301 1147 498 1186 accusatio
527 1146 812 1194 commovebat,
844 1147 912 1197 qui
941 1146 1172 1197 gravissime
1199 1150 1239 1184 et
1265 1158 1366 1184 acer-

167 1212 325 1251 bissime
350 1212 453 1251 ferre
478 1201 530 1254 se(
539 1211 644 1250 dixit
666 1225 729 1250 me
748 1211 1031 1250 familiaritatis
1050 1209 1366 1250 necessitudinis-

167 1290 244 1328 que
264 1275 608 1334 oblitum)causam
629 1275 671 1314 L.
695 1275 885 1314 Murenae
911 1280 1049 1314 contra
1074 1288 1114 1314 se
1141 1274 1393 1314 defendere]

169 1341 273 1380 Huic
300 1354 382 1393 ego,
405 1341 565 1388 iudices,
587 1340 683 1379 satis
708 1339 835 1383 facere
862 1340 977 1391 cupio
1004 1353 1152 1391 vosque
1177 1339 1365 1379 adhibere

167 1406 345 1444 arbitros.
404 1405 509 1444 Nam
534 1418 623 1444 cum
651 1418 770 1456 grave
799 1409 860 1444 est
882 1417 973 1443 vere
1003 1404 1175 1443 accusari
1204 1403 1244 1442 in
1273 1403 1366 1443 ami-

166 1470 269 1516 citia,
285 1475 381 1518 tum,
397 1469 516 1508 etiam
530 1469 562 1507 si
574 1469 672 1508 falso
686 1458 886 1524 accuseris,
896 1481 978 1508 non
990 1473 1050 1507 est
1062 1467 1362 1520 neglegendum.

166 1534 262 1585 Ego,
298 1533 377 1573 Ser.
421 1533 580 1584 Sulpici,
613 1546 675 1573 me
712 1533 755 1572 in
797 1526 1001 1586 petitionem*
1019 1538 1090 1572 tua
1125 1532 1200 1571 tibi
1233 1532 1366 1589 omnia

167 1599 298 1637 studia
331 1603 450 1649 atque
484 1599 608 1637 officia
641 1611 723 1649 pro,
745 1602 881 1636 nostra
913 1596 1204 1636 necessitudine
1233 1601 1274 1636 et
1301 1596 1367 1636 de-

167 1663 298 1702 buisse
332 1663 523 1701 confiteor
555 1667 595 1701 et
628 1661 871 1712 praestitisse
903 1661 1084 1716 arbitror.
1142 1660 1254 1699 Nihil
1291 1660 1374 1700 tibi.

166 1727 413 1766 consulatum
446 1726 598 1777 petenti
628 1739 651 1764 a
678 1739 741 1764 me
770 1725 908 1771 defuit,
939 1724 1045 1776 quod
1078 1730 1181 1764 esset
1213 1729 1284 1764 aut
1314 1724 1364 1764 ab

167 1792 291 1831 amico
329 1796 399 1830 aut
435 1804 458 1829 a
494 1791 667 1842 gratioso
705 1795 774 1828 aut
811 1803 834 1828 a
871 1789 1029 1828 consule
1067 1788 1462 1856 postulandumffll

167 1856 281 1894 Abiit
294 1855 394 1894 illud
414 1859 570 1906 tempus
588 1868 597 1902 3
619 1858 772 1892 mutata
786 1853 887 1908 ratip
903 1858 973 1892 est.
1015 1852 1080 1892 Sic
1095 1853 1292 1898 existimo,
1310 1853 1364 1892 sic

166 1920 263 1968 mihi
289 1919 518 1970 persuadeo,
540 1932 602 1957 me
629 1918 702 1957 tibi
728 1923 864 1956 contra
884 1911 1073 1972 hQrem
1092 1918 1135 1956 L.
1158 1907 1361 1965 Murenae,

167 1989 361 2035 quantum
377 1988 423 2022 tu
443 1997 466 2022 a
485 1997 547 2022 me
562 1982 761 2034 postulare
778 1995 894 2034 ausus
910 1982 972 2030 sis,
991 1979 1147 2020 tantum
1168 1981 1361 2031 debuisse,

123 2044 149 2086 8
167 2054 304 2088 contra
323 2048 490 2087 salutem
510 2047 611 2085 nihil
630 2047 782 2086 debere.
833 2046 974 2098 Neque
994 2046 1110 2094 enim,
1125 2046 1157 2084 si
1173 2045 1249 2085 tibi
1264 2050 1362 2093 tum,

166 2127 255 2152 cum
282 2118 435 2164 peteres
464 2111 721 2158 consulatum,
752 2111 872 2158 adfui,
899 2123 1014 2158 nunc,
1036 2123 1126 2148 cum
1152 2110 1365 2150 Murenam

165 2179 295 2229 ipsum
314 2162 436 2228 petas,
460 2177 619 2215 adiutor
638 2176 777 2228 eodem
795 2180 912 2226 pacto
931 2187 1014 2214 esse
1033 2174 1168 2213 debeo.
1195 2205 1198 2211 .
1218 2175 1374 2229 (Atque-
1416 2195 1462 2228 22:

166 2243 240 2282 hoc
269 2256 347 2281 non
376 2241 493 2280 modo
524 2240 636 2294 [non]
661 2240 824 2288 laudari,
846 2239 915 2278 sed
941 2253 990 2278 ne
1014 2238 1175 2278 concedi
1200 2238 1377 2290 quidem,

1435 2301 1459 2322 «ιῖ

131 2367 141 2378 ⁸
164 2372 169 2374 -
195 2355 305 2391 &cm
325 2371 341 2381 κ
495 2358 547 2393 (ἴω
714 2389 722 2398 ς
747 2357 779 2398 (ᾗ
