1462 2398
461 128 715 168 ORITJOAL
752 126 1058 167 APPE'NDIX.
1281 127 1356 165 125

167 282 178 321 (
230 237 314 321 5332.
341 239 464 269 dixisti
479 238 684 275 quippiam:
716 236 835 276 fixum]
858 234 1001 268 dixisti:
1025 234 1154 277 quippe
1168 234 1236 266 iam
1252 233 1359 265 fixum

181 290 257 314 uss.
278 305 285 313 .

230 342 247 380 ἕ
262 341 314 373 63.
340 340 555 380 moderatas]
591 339 697 371 Halm
714 338 830 371 would
849 338 932 371 read
949 337 1178 371 moderandas
1193 349 1202 376 ;
1225 337 1269 369 he
1286 336 1360 370 also

166 383 306 426 regards
322 383 414 426 quod
430 383 563 415 nesciat
578 382 688 415 above
703 393 741 414 as
756 393 777 414 a
791 382 893 424 gloss.

229 445 248 483 ς
261 445 313 476 64.
339 447 404 476 aut
419 445 449 475 si
464 444 654 483 posuisses]
683 445 746 474 aut
768 442 989 485 seposuisses,
1010 444 1019 459 ‘
1032 441 1147 474 would
1170 441 1258 473 have
1281 451 1358 483 sup-

167 487 306 531 pressed
329 486 376 519 it’
401 486 552 526 (Koch);
583 487 612 518 si
634 486 895 528 pronuntiasses
919 486 1105 527 (Kayser);
1136 485 1166 516 si
1187 484 1360 527 potuisses

167 530 325 570 (Halm);
369 530 399 562 si
435 529 582 561 dixisses
621 529 787 571 (Campe).
857 528 1033 571 Landgraf
1069 527 1244 560 considers
1280 527 1360 560 that

165 574 339 615 posuisses
353 573 383 605 is
399 572 467 605 due
482 576 520 605 to
534 573 710 615 posuisset
726 572 846 612 above,
865 572 934 604 and
950 571 1050 604 reads
1066 574 1158 603 certe
1174 573 1304 613 postea.

166 677 176 716 (
218 634 313 716 1ξ)65.
339 634 429 664 nihil
445 635 586 671 gratiae
604 632 829 672 concesseris]
854 631 942 664 nihil
962 631 1096 674 gratiae
1117 641 1220 663 causa
1237 630 1359 663 feceris

182 686 213 709 v.
233 700 240 708 .
263 700 270 707 .

229 736 313 775 568.
340 736 510 775 indicare]
532 735 687 768 iudicare
703 736 822 775 (mss).

229 795 313 835 §70.
339 798 382 827 ut
403 795 655 835 suffragentur]
692 795 722 827 si
744 797 785 827 ut
807 794 1042 837 suffragentur
1071 795 1202 834 (MSS.);
1232 793 1293 826 sed
1319 797 1360 827 ut

165 838 401 880 suffragentur
438 838 595 878 (Halm);
632 838 706 870 sive
739 848 778 870 or
814 838 867 870 sin
901 837 1135 880 suffragantur
1173 837 1354 880 (Madvig).

166 881 352 914 Kornitzer
374 881 474 914 reads
497 882 558 924 qui
580 885 621 913 ut
643 880 878 923 suffragentur
892 895 913 908 =
931 881 1008 913 ‘for
1025 880 1159 922 though
1178 880 1263 922 they
1278 884 1359 913 vote

165 925 220 956 for
241 925 335 957 their
357 935 435 957 own
458 924 692 963 candidates',
714 924 827 956 which
850 925 879 956 is
902 924 1032 966 merely
1054 923 1202 956 another
1222 934 1302 966 way
1323 924 1360 956 of

164 968 308 1011 putting
322 972 459 1010 praeter
474 969 628 1010 ipsorum
644 967 849 1010 suffragium
862 980 869 1000 :
893 978 949 1000 see
964 970 1047 999 note
1062 977 1108 999 on
1122 969 1209 999 text.

229 1029 246 1067 ἓ
262 1027 313 1063 76.
340 1030 426 1066 quid
442 1030 586 1060 tandem
596 1031 612 1059 ‘t
633 1028 739 1067 istuc]
766 1026 850 1069 quid
866 1026 1008 1059 tandem
1025 1026 1142 1058 istunc
1157 1035 1195 1058 or
1210 1025 1260 1058 ais
1275 1030 1358 1058 tunc

167 1072 274 1111 (MSS.)
287 1083 297 1110 ;
319 1071 403 1112 quid
427 1070 568 1103 tandem
591 1071 665 1102 ais?
690 1081 773 1102 num
797 1070 961 1111 (Kayser)
974 1081 983 1108 ;
1011 1069 1096 1112 quid
1117 1069 1260 1101 tandem
1282 1070 1359 1102 vis?

167 1116 283 1146 utrum
300 1114 568 1154 (Hirschfelder)
583 1126 591 1152 ;
614 1113 700 1156 quid
715 1113 859 1145 tandem
874 1114 949 1146 ais?
971 1116 1091 1145 utrum
1107 1112 1320 1154 (Landgraf).

231 1183 292 1206 cur
306 1177 388 1206 ante
407 1176 501 1212 petis
521 1182 627 1211 qum
644 1182 770 1205 nomen
787 1173 927 1213 citavit]
949 1183 1068 1204 curam
1081 1172 1173 1214 petis
1188 1182 1292 1214 quam
1308 1172 1357 1204 in-

167 1217 299 1250 ceravit
316 1219 422 1258 (MSS.)
435 1229 444 1256 3
468 1227 529 1248 cur
543 1227 669 1248 nomen
685 1216 777 1258 petis
792 1215 890 1258 quasi
909 1216 1081 1248 incertum
1099 1215 1148 1247 sit
1166 1215 1335 1255 (Tischer)
1350 1228 1358 1254 ;

165 1271 227 1293 cur
241 1260 395 1303 appellas
409 1259 610 1302 priusquam
625 1259 857 1291 insusurravit
873 1259 1000 1299 (Koch)
1015 1271 1024 1298 ;
1047 1269 1108 1291 cur
1123 1262 1204 1290 ante
1219 1269 1358 1290 manum

165 1304 312 1346 porrigis
334 1303 515 1346 (referring
533 1306 569 1335 to
587 1303 649 1335 the
667 1302 858 1345 prensatio)
877 1312 980 1344 quam
998 1301 1199 1342 inculcavit,
1220 1305 1228 1319 ‘
1241 1301 1358 1334 before

166 1347 210 1379 he
225 1347 288 1379 has
302 1347 492 1389 impressed
507 1347 569 1378 the
585 1357 685 1378 name
700 1357 793 1388 upon
809 1356 878 1388 you
889 1345 896 1359 ³
915 1344 1130 1387 (Landgraf).

230 1409 247 1447 ἓ
262 1408 312 1440 85.
339 1409 377 1439 1n
391 1408 531 1446 rostris]
553 1406 589 1438 in
605 1405 690 1438 urbe
706 1405 850 1446 (Halm).

230 1467 315 1507 §87-
341 1467 574 1507 contionibus]
597 1465 878 1499 contentionibus
895 1465 947 1506 (F.
969 1464 1022 1497 W.
1044 1463 1227 1505 Schmidt).
