1462 2398
144 123 193 160 24
507 121 611 160 PRO
639 121 681 160 L.
713 121 967 160 MUBENA.

141 221 393 261 audientibus
430 222 574 260 amisso
611 222 689 259 iam
726 226 916 272 tempore,
951 234 1051 271 quae
1084 220 1160 271 ipsi
1193 219 1265 259 soli
1295 233 1338 259 re

141 287 294 338 integra
331 300 446 338 saepe
484 286 579 325 dixi.
638 287 778 325 Petere
817 285 1066 324 consulatum
1098 284 1246 323 nescire
1284 290 1335 332 te,

141 350 264 397 Servi,
291 364 478 402 persaepe
507 351 582 389 tibi
610 350 720 398 dixi;
751 355 791 389 et
819 350 859 388 in
888 350 936 388 iis
965 350 1081 388 rebus
1106 349 1212 400 ipsis,
1240 362 1338 400 quas

141 419 180 454 te
199 428 343 466 magno
364 420 404 454 et
424 415 517 454 forti
544 415 677 454 animo
703 419 747 454 et
769 427 884 466 agere
913 419 953 453 et
982 414 1110 453 dicere
1140 410 1462 476 videbam,„wh‡4

139 480 214 518 tibi
243 480 381 519 solitus
410 493 496 518 sum
525 480 654 519 dicere
682 480 807 531 magis
835 485 875 518 te
903 479 1047 518 fortem
1073 466 1372 531 accusatorem>

140 544 391 583 mihivvideri
426 558 544 595 quam
579 544 797 595 sapientem
830 544 1098 583 candidatum.
1158 544 1335 586 Primum

140 609 348 648 accusandi
386 614 555 648 terrores
589 614 630 647 et
667 608 807 658 minae,
843 609 987 660 quibus
1021 614 1067 647 tu
1100 608 1245 647 cotidie
1275 604 1338 646 vuti

140 673 304 721 solebas,
345 678 440 712 sunt
476 673 591 712 fortis
629 673 718 722 viri,
755 673 825 727 sed
862 679 902 712 et
938 664 1074 724 populi
1112 673 1338 723 opinionem

140 751 163 776 a
209 751 277 788 spe
324 737 568 788 adipiscendi
614 742 802 776 avertunt
847 742 888 776 et
938 738 1155 776 amicorum
1206 736 1339 775 studia

140 801 361 840 debilitant.
419 802 563 841 Nescio
592 815 671 852 quo
699 806 814 852 pacto
843 815 997 852 semper
1025 801 1099 840 hoc
1127 802 1173 839 fit
1197 805 1339 852 (neque

140 866 181 905 in
218 879 300 906 uno
337 872 408 906 aut
445 867 570 906 altero
609 866 929 905 animadversum
970 871 1041 915 est,
1081 865 1149 904 sed
1181 866 1266 908 iam,
1298 865 1339 904 in

139 931 349 983 pluribus),
372 931 488 970 simul
509 936 628 982 atque
649 930 885 969 candidatus
908 930 1195 969 accusationem
1221 930 1341 969 medi-

71 989 124 1030 44
141 996 216 1035 tari
236 996 343 1035 visus
364 1002 436 1044 est,
457 1002 503 1035 ut
522 997 714 1035 honorem
734 996 962 1047 desperasse
982 995 1176 1035 videatur.
1234 994 1340 1044 Quid

141 1062 261 1111 ergo‘l
326 1065 528 1112 acceptam
583 1060 770 1113 iniuriam
824 1060 1008 1111 persequi
1054 1073 1134 1099 non
1180 1059 1341 1110 placet?

140 1125 268 1164 Immo
305 1125 561 1164 vehementer
606 1124 760 1175 placet3
807 1124 878 1163 sed
923 1124 1031 1163 aliud
1077 1128 1234 1175 tempus
1280 1129 1341 1163 est

140 1189 314 1240 petendi,
355 1189 463 1228 aliud
500 1189 775 1240 persequendi.
852 1189 1072 1229 Petitorem
1110 1202 1192 1239 ego,
1233 1202 1341 1240 prae-

140 1253 277 1291 sertim
304 1253 542 1300 consulatus,
570 1267 713 1305 magna
738 1266 819 1304 spe,
847 1265 990 1304 magno
1016 1253 1159 1301 animo,
1186 1253 1339 1304 magnis

139 1318 261 1370 copiis
295 1323 336 1357 et
363 1318 405 1356 in
432 1318 565 1357 forum
595 1323 636 1357 et
663 1318 704 1356 in
734 1331 914 1368 campum
943 1317 1085 1356 deduci
1115 1317 1229 1376 ‘'P-¹⁰3
1258 1330 1336 1356 nou

139 1383 269 1434 placet
295 1383 393 1421 mihi
419 1383 626 1434 inquisitio
653 1383 866 1436 caninati,
887 1382 1124 1434 praenuntia
1147 1382 1336 1434 repulsae,

139 1460 219 1486 non
247 1448 412 1486 testium
440 1448 572 1499 potius
601 1461 720 1498 quam
749 1447 1052 1499 suffragatorum
1084 1447 1336 1498 comparatio,

103 1527 105 1529 ¹
138 1525 219 1551 non
251 1513 381 1551 minae
414 1512 538 1564 magis
572 1525 691 1563 quam
723 1511 952 1560 blanditiae,
987 1525 1067 1550 non
1105 1511 1339 1551 declamatio

139 1577 270 1627 potius
303 1590 421 1628 quam
454 1577 723 1628 persalutatio,
759 1576 990 1628 praesertim
1046 1589 1113 1615 um
1149 1576 1229 1615 iam
1265 1575 1339 1616 hoc

139 1655 242 1680 novo
279 1655 389 1681 more
427 1655 564 1681 omnes
600 1642 682 1680 fere
720 1641 858 1680 domos
895 1641 1003 1680 omni
1105 1646 1340 1685 concursent

139 1711 180 1744 et
199 1719 249 1745 ex
275 1706 392 1745 vultu
418 1706 722 1745 candidatorum
748 1693 1013 1744 coniectura&
1039 1705 1196 1754 faciant,
1217 1718 1339 1756 quan·

139 1775 226 1809 tum
274 1771 442 1822 quisque
488 1770 610 1809 animi
648 1774 689 1809 et
725 1769 924 1808 facultatis
961 1769 1106 1808 habere
1143 1762 1334 1809 videatur.

69 1830 122 1871 45
143 1833 333 1874 ‘Videsne
361 1839 408 1873 tu
435 1834 548 1873 illum
577 1835 744 1880 tristem,
773 1834 1017 1873 demissum?
1046 1834 1156 1882 iacet,
1179 1833 1339 1883 diffidit,

139 1898 284 1937 abiecit
314 1898 471 1938 hastas?
529 1899 663 1950 Serpit
695 1899 759 1937 hic
792 1911 936 1937 rumor.
997 1897 1104 1936 ‘Scis
1140 1902 1187 1936 tu
1222 1897 1336 1938 illum

139 1963 427 2002 accusationem
475 1964 659 2014 cogitare,
707 1963 907 2013 inquirere
952 1962 994 2001 in
1045 1962 1282 2013 competitor
1325 1993 1335 2012 ,

139 2031 262 2066 testes
294 2030 512 2078 quaerere‘t
569 2027 706 2066 Alium
742 2027 894 2076 faciam,
934 2026 1123 2078 quoniam
1159 1976 1336 2132 sibic

138 2091 222 2142 ipse
242 2091 449 2142 desperat.’
504 2092 600 2131 Eius
619 2091 727 2131 modi
753 2091 1201 2148 dg-C—asssssfflatqsslmore
1300 2074 1357 2206 ci*

139 2156 270 2194 intimi
295 2156 567 2203 debilitantur,
589 2146 955 2207 studia'deponunt
968 2170 980 2204 3
1008 2159 1076 2195 aut
1102 2160 1230 2196 totam
1251 2156 1336 2196 rem
1455 2204 1458 2205 ⁷

140 2220 317 2260 abiciunt
344 2226 414 2260 aut
442 2235 552 2260 suam
583 2234 742 2272 operam
773 2225 812 2260 et
841 2213 1009 2272 gratia'm
1037 2220 1183 2260 iudicio
1211 2224 1253 2260 et
1276 2233 1336 2260 ao·
1445 2214 1462 2263 ⁴!
