1462 2398
436 148 690 188 GRJTJOAL
727 149 1033 188 APPENDIX.
1255 152 1330 189 123

204 250 255 280 sic
280 251 441 281 existimo
506 251 690 289 deponere]
721 250 769 281 sic
795 252 831 282 et
861 250 890 281 si
919 250 1049 292 ceperis
1080 261 1136 282 eos
1166 261 1244 283 cum
1274 251 1331 283 ad-

140 293 242 332 eptus
261 291 307 323 sis
325 291 496 333 deponere
519 294 650 332 (Mss.);
673 293 799 334 quibus
819 293 995 325 laboribus
1014 294 1099 326 haec
1117 294 1260 336 ceperis,
1277 305 1334 327 eos

141 344 218 365 cum
251 334 399 377 adeptus
434 335 492 374 sis,
526 335 696 378 deponere
731 336 888 376 (Halm);
927 336 1053 379 quibus
1086 337 1261 369 laboribus
1294 349 1334 369 ea

141 377 338 419 expetieris,
357 389 414 410 eos
430 378 558 419 (Koch)
571 391 581 418 3
605 379 720 418 istam,
740 380 770 411 si
788 390 942 422 cuperes,
961 391 1000 412 ea
1015 391 1094 412 cum
1110 379 1257 422 adeptus
1274 380 1331 419 sis,

141 419 312 462 deponere
334 421 562 463 (Landgraf);
600 423 629 454 si
652 433 691 454 ea
715 423 773 462 (sc.
800 423 969 464 praemia)
993 423 1206 465 adipiscendi
1231 435 1333 456 causa

139 462 274 496 labores
296 465 497 507 susceperis,
519 476 587 505 eos,
609 476 688 498 cum
709 465 858 507 adeptus
881 466 938 505 sis,
963 466 1134 509 deponere
1158 467 1259 509 (conj.
1278 467 1329 499 Iv.

140 506 282 546 Miiller)
295 520 304 547 ;
335 508 396 540 the
419 508 563 551 reading
585 509 622 540 in
644 509 705 541 the
728 511 806 541 text
827 509 856 541 is
880 509 947 541 due
970 512 1008 542 to
1030 510 1185 552 Madvig,
1211 514 1334 553 except

139 549 301 582 existimo
317 550 469 591 (Nobel),
487 551 542 584 for
556 552 671 584 which
687 552 832 594 Madvig
847 553 1069 594 conjectured
1086 564 1215 586 censeo.

141 611 265 692 (πθ-ἓ.
293 619 396 694 quem
422 615 545 644 contra
573 613 725 652 veneris]
755 623 856 654 quem
884 615 1005 645 contra
1031 613 1179 646 amicum
1206 614 1333 646 iuveris

203 664 233 685 e1
261 665 322 686 ner
339 679 346 686 .

204 709 221 747 ἓ
238 709 288 740 11.
314 709 439 749 paene]
461 712 581 751 aperte
598 709 806 752 (Steuding).

203 769 220 806 ἓ
238 768 288 800 12.
314 771 417 800 finem
431 770 601 809 fuisse]
624 768 753 811 Campe
770 780 933 812 proposes
950 770 1081 803 fecisse.

203 828 220 865 ἕ
237 827 286 859 13.
313 836 356 859 ex
367 836 567 860 scurrarum
578 831 697 867 aliquo
709 831 878 869 convicio]
900 840 1095 862 scurrarum
1105 830 1245 873 aliquod
1255 841 1331 862 con-

138 868 265 902 vicium
282 869 416 910 (Halm)
432 871 596 914 omitting
612 882 666 911 ex,
685 872 844 904 convivio
860 873 999 913 (Koch).

202 932 420 971 tempestivi]
442 931 682 974 intempestivi
699 932 863 974 (Zumpt).

202 990 219 1028 5
238 990 286 1024 17.
311 992 488 1031 iacebant]
511 991 547 1023 id
566 991 716 1033 agebant
738 993 839 1033 (conj.
861 993 1041 1032 Badham).
1091 994 1236 1026 Muther
1255 1005 1331 1026 con-

138 1032 248 1065 siders
267 1033 348 1065 that
369 1044 389 1065 a
410 1034 479 1065 line
501 1034 562 1066 has
582 1035 689 1067 fallen
711 1039 772 1067 out
793 1046 837 1067 on
855 1039 1003 1068 account
1025 1036 1061 1068 of
1081 1037 1141 1069 the
1158 1048 1235 1069 rare
1255 1048 1331 1069 con-

138 1076 311 1108 struction
340 1078 641 1110 commemorandis
670 1079 832 1118 iacebant,
867 1079 936 1111 and
966 1080 1046 1112 that
1076 1080 1196 1112 Cicero
1224 1083 1332 1112 wrote

138 1119 333 1162 something
354 1119 426 1152 like
449 1122 756 1154 commemorandis
779 1123 915 1164 [parum
938 1123 1224 1162 defendebantur,
1250 1134 1331 1166 quo-

138 1163 232 1194 niam
247 1162 385 1195 illorum
397 1164 551 1196 virorum
566 1164 686 1197 laudes
700 1175 810 1207 paene
826 1166 893 1197 iam
906 1166 941 1198 in
958 1166 1146 1207 oblivione]
1161 1167 1328 1199 iacebant.

202 1224 219 1261 §
236 1223 285 1255 18.
312 1225 520 1264 tractatum]
542 1226 759 1257 transactum
776 1226 878 1267 (conj.
899 1226 1029 1266 Halm).

202 1283 286 1322 521.
311 1285 481 1324 gratiam]
504 1294 643 1326 operam
659 1296 770 1317 meam
787 1286 888 1327 (conj.
911 1286 1064 1328 Campe).

202 1342 285 1382 §2:3.
313 1345 483 1383 dilexisti]
507 1343 662 1376 didicisti
679 1346 796 1386 (mss.)

202 1402 285 1441 525.
312 1403 444 1443 capsis]
467 1404 579 1435 causis
595 1405 714 1444 (mss).

201 1463 286 1502 §27.
312 1465 496 1504 putarent]
519 1467 691 1506 putarunt
706 1465 873 1505 (Mulier).

202 1522 285 1561 §3st
313 1525 424 1561 aliqui
453 1527 570 1556 motus
599 1525 724 1564 novus]
766 1525 883 1567 aliquo
914 1528 1010 1557 motu
1048 1537 1138 1558 novo
1176 1527 1330 1568 (Halm);

140 1565 263 1607 aliquis
279 1565 388 1598 hostis
404 1576 514 1599 novus
530 1567 659 1607 (Koch)
672 1580 681 1607 ;
705 1568 830 1610 aliquis
846 1571 944 1600 motu
960 1580 1048 1601 novo
1065 1570 1228 1612 (Zumpt).

203 1626 333 1665 coepit]
355 1625 467 1667 coegit
484 1626 681 1667 (Franken3
706 1627 743 1661 C.
764 1627 801 1659 F.
822 1628 877 1660 W.
900 1628 1054 1668 Muller).

203 1686 220 1724 ἓ
234 1686 285 1717 32.
312 1688 354 1717 ut
367 1694 432 1724 ego
446 1688 534 1718 mihi
550 1688 684 1727 statuo]
707 1690 861 1719 statuam
878 1690 997 1728 (Mss.).

202 1754 281 1777 cum
302 1749 432 1778 benum
453 1749 629 1779 invectum
701 1749 919 1788 confecisset]
949 1759 1028 1780 cum
1046 1748 1138 1781 bello
1156 1749 1332 1782 invectum

140 1791 250 1820 totam
284 1789 462 1831 (Zumpt);
501 1800 578 1821 cum
612 1790 742 1822 bellum
775 1791 964 1823 invexisset
997 1794 1112 1824 totum
1146 1793 1328 1832 (Niebuhr,

141 1831 282 1871 Halm);
312 1843 389 1864 cum
416 1832 547 1864 bellum
573 1833 765 1865 invexisset
790 1837 900 1866 totam
928 1834 1117 1877 (Kayser):
1144 1836 1204 1868 the
1226 1837 1330 1869 inser-

141 1875 214 1906 tion
230 1875 265 1907 of
280 1875 467 1916 confecisset
483 1876 512 1908 is
529 1876 596 1908 due
611 1879 647 1908 to
663 1877 852 1910 Lehmann.

203 1938 264 1968 spe
280 1931 492 1970 conatuque]
515 1931 589 1973 ipse
605 1934 730 1963 conatu
748 1932 915 1974 (Zumpt).

203 1991 221 2028 ἓ
235 1990 286 2023 33.
312 1992 483 2031 perfecta]
505 1995 685 2033 perempta
701 1991 751 2031 (Ο.
772 1992 809 2024 F.
829 1991 888 2025 W.
907 1992 1061 2032 Mulier),
1082 1992 1138 2025 i.e.
1158 1992 1219 2025 the
1234 1993 1331 2035 pians

142 2032 312 2073 (consilia)
327 2033 364 2065 of
378 2033 614 2066 Mithridates.

206 2089 223 2126 ἓ
238 2088 290 2120 34.
316 2090 455 2128 nomen]
477 2088 631 2120 animum
647 2089 813 2131 (Campe).

205 2149 356 2188 adierat]
379 2147 554 2180 adiecerat
569 2159 607 2181 or
622 2149 831 2182 adiunxerat
847 2149 1037 2190 (Roscher).

206 2209 456 2248 arbitraretur]
478 2208 726 2241 arbitraremur
749 2209 951 2249 (Lambinus
973 2209 1042 2242 and
1065 2210 1208 2252 Orelli);
1232 2213 1330 2253 puta-

144 2252 240 2282 retur
257 2250 400 2291 (Halm).
