<?xml version="1.0" encoding="UTF-8"?>
<!DOCTYPE html PUBLIC "-//W3C//DTD XHTML 1.0 Transitional//EN"
    "http://www.w3.org/TR/xhtml1/DTD/xhtml1-transitional.dtd">
<html xmlns="http://www.w3.org/1999/xhtml" xml:lang="en" lang="en">
 <head>
  <title>
</title>
<meta http-equiv="Content-Type" content="text/html;charset=utf-8" />
  <meta name='ocr-system' content='tesseract 3.04.00' />
  <meta name='ocr-capabilities' content='ocr_page ocr_carea ocr_par ocr_line ocrx_word'/>
</head>
<body>
  <div class='ocr_page' id='page_1' title='image "./prolmurenaoratio00cice/prolmurenaoratio00cice_0079.png"; bbox 0 0 1462 2398; ppageno 0'>
   <div class='ocr_carea' id='block_1_1' title="bbox 487 155 1311 225">
    <p class='ocr_par' dir='ltr' id='par_1_1' title="bbox 487 155 1311 225">
     <span class='ocr_line' id='line_1_1' title="bbox 487 155 1311 225; baseline -0.006 -29"><span class='ocrx_word' id='word_1_1' title='bbox 487 157 590 196; x_wconf 77' lang='lat' dir='ltr'>PRO</span> <span class='ocrx_word' id='word_1_2' title='bbox 604 156 658 225; x_wconf 42' lang='lat' dir='ltr'>&#39;L</span> <span class='ocrx_word' id='word_1_3' title='bbox 691 155 951 196; x_wconf 77' lang='lat' dir='ltr'><em>MURENA.</em></span> <span class='ocrx_word' id='word_1_4' title='bbox 1266 155 1311 192; x_wconf 87' lang='lat'>41</span> 
     </span>
    </p>
   </div>
   <div class='ocr_carea' id='block_1_2' title="bbox 0 237 1424 2313">
    <p class='ocr_par' dir='ltr' id='par_1_2' title="bbox 0 237 1424 2313">
     <span class='ocr_line' id='line_1_2' title="bbox 122 237 1318 311; baseline -0.006 -12"><span class='ocrx_word' id='word_1_5' title='bbox 122 259 230 311; x_wconf 88' lang='lat' dir='ltr'>quod</span> <span class='ocrx_word' id='word_1_6' title='bbox 262 259 383 298; x_wconf 86' lang='lat' dir='ltr'>habes</span> <span class='ocrx_word' id='word_1_7' title='bbox 415 237 778 308; x_wconf 53' lang='lat' dir='ltr'>noffidnclatorem‘l</span> <span class='ocrx_word' id='word_1_8' title='bbox 806 256 851 294; x_wconf 85' lang='lat' dir='ltr'>in</span> <span class='ocrx_word' id='word_1_9' title='bbox 880 269 925 295; x_wconf 93' lang='lat' dir='ltr'>eo</span> <span class='ocrx_word' id='word_1_10' title='bbox 954 254 1116 306; x_wconf 88' lang='lat' dir='ltr'>quidem</span> <span class='ocrx_word' id='word_1_11' title='bbox 1145 254 1248 293; x_wconf 88' lang='lat' dir='ltr'>fallis</span> <span class='ocrx_word' id='word_1_12' title='bbox 1277 258 1318 293; x_wconf 91' lang='lat' dir='ltr'>et</span> 
     </span>
     <span class='ocr_line' id='line_1_3' title="bbox 123 320 1317 375; baseline -0.005 -12"><span class='ocrx_word' id='word_1_13' title='bbox 123 323 281 375; x_wconf 82' lang='lat' dir='ltr'>decipis.</span> <span class='ocrx_word' id='word_1_14' title='bbox 339 323 455 371; x_wconf 88' lang='lat' dir='ltr'>Nam,</span> <span class='ocrx_word' id='word_1_15' title='bbox 477 323 510 361; x_wconf 91' lang='lat' dir='ltr'>si</span> <span class='ocrx_word' id='word_1_16' title='bbox 535 322 696 360; x_wconf 89' lang='lat' dir='ltr'>nomine</span> <span class='ocrx_word' id='word_1_17' title='bbox 723 321 912 372; x_wconf 87' lang='lat' dir='ltr'>appellari</span> <span class='ocrx_word' id='word_1_18' title='bbox 937 321 1007 359; x_wconf 88' lang='lat' dir='ltr'>abs</span> <span class='ocrx_word' id='word_1_19' title='bbox 1033 326 1072 359; x_wconf 93' lang='lat' dir='ltr'>te</span> <span class='ocrx_word' id='word_1_20' title='bbox 1099 320 1203 358; x_wconf 89' lang='lat' dir='ltr'>cives</span> <span class='ocrx_word' id='word_1_21' title='bbox 1228 324 1317 357; x_wconf 89' lang='lat' dir='ltr'>tuos</span> 
     </span>
     <span class='ocr_line' id='line_1_4' title="bbox 122 386 1318 438; baseline -0.005 -11"><span class='ocrx_word' id='word_1_22' title='bbox 122 388 333 427; x_wconf 87' lang='lat' dir='ltr'>honestum</span> <span class='ocrx_word' id='word_1_23' title='bbox 372 392 442 436; x_wconf 89' lang='lat' dir='ltr'>est,</span> <span class='ocrx_word' id='word_1_24' title='bbox 482 394 597 438; x_wconf 86' lang='lat' dir='ltr'>turpe</span> <span class='ocrx_word' id='word_1_25' title='bbox 636 391 695 425; x_wconf 88' lang='lat' dir='ltr'>est</span> <span class='ocrx_word' id='word_1_26' title='bbox 742 400 808 425; x_wconf 91' lang='lat' dir='ltr'>eos</span> <span class='ocrx_word' id='word_1_27' title='bbox 854 386 1028 424; x_wconf 79' lang='lat' dir='ltr'>notiores</span> <span class='ocrx_word' id='word_1_28' title='bbox 1075 397 1158 423; x_wconf 88' lang='lat' dir='ltr'>esse</span> <span class='ocrx_word' id='word_1_29' title='bbox 1205 396 1318 422; x_wconf 88' lang='lat' dir='ltr'>servo</span> 
     </span>
     <span class='ocr_line' id='line_1_5' title="bbox 123 450 1320 504; baseline -0.005 -12"><span class='ocrx_word' id='word_1_30' title='bbox 123 458 192 493; x_wconf 91' lang='lat' dir='ltr'>tuo</span> <span class='ocrx_word' id='word_1_31' title='bbox 229 466 349 504; x_wconf 89' lang='lat' dir='ltr'>quam</span> <span class='ocrx_word' id='word_1_32' title='bbox 386 452 472 491; x_wconf 86' lang='lat' dir='ltr'>tibi.</span> <span class='ocrx_word' id='word_1_33' title='bbox 531 451 602 491; x_wconf 80' lang='lat' dir='ltr'>Sin</span> <span class='ocrx_word' id='word_1_34' title='bbox 640 451 760 490; x_wconf 90' lang='lat' dir='ltr'>etiam</span> <span class='ocrx_word' id='word_1_35' title='bbox 798 464 887 489; x_wconf 89' lang='lat' dir='ltr'>cum</span> <span class='ocrx_word' id='word_1_36' title='bbox 925 450 1042 503; x_wconf 63' lang='lat' dir='ltr'>noris,</span> <span class='ocrx_word' id='word_1_37' title='bbox 1082 455 1216 488; x_wconf 88' lang='lat' dir='ltr'>tamen</span> <span class='ocrx_word' id='word_1_38' title='bbox 1249 461 1320 499; x_wconf 87' lang='lat' dir='ltr'>per</span> 
     </span>
     <span class='ocr_line' id='line_1_6' title="bbox 123 515 1319 570; baseline -0.005 -13"><span class='ocrx_word' id='word_1_39' title='bbox 123 518 359 557; x_wconf 87' lang='lat' dir='ltr'>monitorem</span> <span class='ocrx_word' id='word_1_40' title='bbox 397 516 623 568; x_wconf 87' lang='lat' dir='ltr'>appellandi</span> <span class='ocrx_word' id='word_1_41' title='bbox 660 521 764 564; x_wconf 90' lang='lat' dir='ltr'>sunt,</span> <span class='ocrx_word' id='word_1_42' title='bbox 805 529 875 554; x_wconf 89' lang='lat' dir='ltr'>cur</span> <span class='ocrx_word' id='word_1_43' title='bbox 911 521 1004 568; x_wconf 70' lang='lat' dir='ltr'>ante</span> <span class='ocrx_word' id='word_1_44' title='bbox 1046 515 1160 567; x_wconf 89' lang='lat' dir='ltr'>petis,</span> <span class='ocrx_word' id='word_1_45' title='bbox 1200 526 1319 570; x_wconf 52' lang='lat' dir='ltr'>qu-am</span> 
     </span>
     <span class='ocr_line' id='line_1_7' title="bbox 64 579 1317 631; baseline -0.006 -9"><span class='ocrx_word' id='word_1_46' title='bbox 64 612 67 615; x_wconf 10' lang='lat' dir='ltr'>i</span> <span class='ocrx_word' id='word_1_47' title='bbox 123 595 268 622; x_wconf 89' lang='lat' dir='ltr'>nomen</span> <span class='ocrx_word' id='word_1_48' title='bbox 293 582 461 621; x_wconf 72' lang='lat' dir='ltr'>citavit?</span> <span class='ocrx_word' id='word_1_49' title='bbox 518 581 622 630; x_wconf 73' lang='lat' dir='ltr'>Quid</span> <span class='ocrx_word' id='word_1_50' title='bbox 651 580 769 631; x_wconf 88' lang='lat' dir='ltr'>quod,</span> <span class='ocrx_word' id='word_1_51' title='bbox 798 593 887 618; x_wconf 89' lang='lat' dir='ltr'>cum</span> <span class='ocrx_word' id='word_1_52' title='bbox 913 579 1148 626; x_wconf 88' lang='lat' dir='ltr'>admoneris,</span> <span class='ocrx_word' id='word_1_53' title='bbox 1172 583 1317 625; x_wconf 86' lang='lat' dir='ltr'>tamen,</span> 
     </span>
     <span class='ocr_line' id='line_1_8' title="bbox 95 641 1319 701; baseline -0.006 -13"><span class='ocrx_word' id='word_1_54' title='bbox 95 641 98 643; x_wconf 47' lang='grc'><strong>’</strong></span> <span class='ocrx_word' id='word_1_55' title='bbox 124 648 237 699; x_wconf 87' lang='lat' dir='ltr'>quasi</span> <span class='ocrx_word' id='word_1_56' title='bbox 255 651 342 686; x_wconf 91' lang='lat' dir='ltr'>tute</span> <span class='ocrx_word' id='word_1_57' title='bbox 362 646 481 695; x_wconf 80' lang='lat' dir='ltr'>noris,</span> <span class='ocrx_word' id='word_1_58' title='bbox 499 643 562 701; x_wconf 50' lang='lat' dir='ltr'>ita</span> <span class='ocrx_word' id='word_1_59' title='bbox 578 645 726 684; x_wconf 87' lang='lat' dir='ltr'>salutas</span> <span class='ocrx_word' id='word_1_60' title='bbox 743 647 756 684; x_wconf 66' lang='grc' dir='ltr'>’ξ</span> <span class='ocrx_word' id='word_1_61' title='bbox 813 644 918 692; x_wconf 78' lang='lat' dir='ltr'>Quid</span> <span class='ocrx_word' id='word_1_62' title='bbox 937 644 1041 694; x_wconf 77' lang='lat' dir='ltr'>quod,</span> <span class='ocrx_word' id='word_1_63' title='bbox 1061 648 1319 694; x_wconf 78' lang='lat' dir='ltr'>posteaquam</span> 
     </span>
     <span class='ocr_line' id='line_1_9' title="bbox 124 708 1319 764; baseline -0.005 -12"><span class='ocrx_word' id='word_1_64' title='bbox 124 726 165 751; x_wconf 88' lang='lat' dir='ltr'>es</span> <span class='ocrx_word' id='word_1_65' title='bbox 201 712 442 764; x_wconf 88' lang='lat' dir='ltr'>designatus,</span> <span class='ocrx_word' id='word_1_66' title='bbox 481 710 608 749; x_wconf 88' lang='lat' dir='ltr'>multo</span> <span class='ocrx_word' id='word_1_67' title='bbox 655 710 804 748; x_wconf 87' lang='lat' dir='ltr'>salutas</span> <span class='ocrx_word' id='word_1_68' title='bbox 850 709 1151 760; x_wconf 67' lang='lat' dir='ltr'>neglegentius&#39;l</span> <span class='ocrx_word' id='word_1_69' title='bbox 1211 708 1319 746; x_wconf 89' lang='lat' dir='ltr'>Haec</span> 
     </span>
     <span class='ocr_line' id='line_1_10' title="bbox 125 765 1394 825; baseline -0.005 -9"><span class='ocrx_word' id='word_1_70' title='bbox 125 777 259 816; x_wconf 91' lang='lat' dir='ltr'>omnia</span> <span class='ocrx_word' id='word_1_71' title='bbox 289 776 340 815; x_wconf 91' lang='lat' dir='ltr'>ad</span> <span class='ocrx_word' id='word_1_72' title='bbox 373 775 569 814; x_wconf 90' lang='lat' dir='ltr'>rationem</span> <span class='ocrx_word' id='word_1_73' title='bbox 602 775 775 813; x_wconf 85' lang='lat' dir='ltr'>civitatis</span> <span class='ocrx_word' id='word_1_74' title='bbox 809 774 842 812; x_wconf 91' lang='lat' dir='ltr'>si</span> <span class='ocrx_word' id='word_1_75' title='bbox 870 774 1035 825; x_wconf 68' lang='lat' dir='ltr'>derigas,</span> <span class='ocrx_word' id='word_1_76' title='bbox 1067 778 1173 812; x_wconf 89' lang='lat' dir='ltr'>recta</span> <span class='ocrx_word' id='word_1_77' title='bbox 1201 765 1394 820; x_wconf 72' lang='lat' dir='ltr'>su11t;]·&#39;‘</span> 
     </span>
     <span class='ocr_line' id='line_1_11' title="bbox 125 837 1320 900; baseline -0.004 -20"><span class='ocrx_word' id='word_1_78' title='bbox 125 842 186 880; x_wconf 87' lang='lat' dir='ltr'>sin</span> <span class='ocrx_word' id='word_1_79' title='bbox 222 841 446 892; x_wconf 74' lang='lat' dir='ltr'>perpender</span> <span class='ocrx_word' id='word_1_80' title='bbox 482 839 576 900; x_wconf 36' lang='lat' dir='ltr'>¹adk</span> <span class='ocrx_word' id='word_1_81' title='bbox 593 839 825 890; x_wconf 89' lang='lat' dir='ltr'>disciplinae</span> <span class='ocrx_word' id='word_1_82' title='bbox 871 843 1080 890; x_wconf 88' lang='lat' dir='ltr'>praecepta</span> <span class='ocrx_word' id='word_1_83' title='bbox 1116 837 1225 886; x_wconf 84' lang='lat' dir='ltr'>velis,</span> <span class='ocrx_word' id='word_1_84' title='bbox 1265 849 1320 875; x_wconf 88' lang='lat' dir='ltr'>re-</span> 
     </span>
     <span class='ocr_line' id='line_1_12' title="bbox 126 854 1319 960; baseline -0.003 -16"><span class='ocrx_word' id='word_1_85' title='bbox 126 906 330 957; x_wconf 77' lang='lat' dir='ltr'>periantur</span> <span class='ocrx_word' id='word_1_86' title='bbox 367 854 610 960; x_wconf 44' lang='lat' dir='ltr'>pr&#39;a&#39;jissi‘ma.</span> <span class='ocrx_word' id='word_1_87' title='bbox 687 904 817 952; x_wconf 77' lang='lat' dir='ltr'>Quare</span> <span class='ocrx_word' id='word_1_88' title='bbox 855 916 926 942; x_wconf 90' lang='lat' dir='ltr'>nec</span> <span class='ocrx_word' id='word_1_89' title='bbox 974 903 1080 954; x_wconf 84' lang='lat' dir='ltr'>plebi</span> <span class='ocrx_word' id='word_1_90' title='bbox 1118 902 1319 941; x_wconf 82' lang='lat' dir='ltr'>Romanae</span> 
     </span>
     <span class='ocr_line' id='line_1_13' title="bbox 126 967 1318 1021; baseline -0.004 -11"><span class='ocrx_word' id='word_1_91' title='bbox 126 970 321 1021; x_wconf 87' lang='lat' dir='ltr'>eripiendi</span> <span class='ocrx_word' id='word_1_92' title='bbox 361 970 514 1008; x_wconf 88' lang='lat' dir='ltr'>fructus</span> <span class='ocrx_word' id='word_1_93' title='bbox 558 969 626 1007; x_wconf 89' lang='lat' dir='ltr'>isti</span> <span class='ocrx_word' id='word_1_94' title='bbox 672 974 766 1007; x_wconf 90' lang='lat' dir='ltr'>sunt</span> <span class='ocrx_word' id='word_1_95' title='bbox 807 968 1003 1016; x_wconf 87' lang='lat' dir='ltr'>ludorum,</span> <span class='ocrx_word' id='word_1_96' title='bbox 1041 967 1318 1020; x_wconf 80' lang='lat' dir='ltr'>gladiatorum,</span> 
     </span>
     <span class='ocr_line' id='line_1_14' title="bbox 126 1024 1321 1088; baseline -0.003 -14"><span class='ocrx_word' id='word_1_97' title='bbox 126 1035 407 1081; x_wconf 84' lang='lat' dir='ltr'>conviviorum,</span> <span class='ocrx_word' id='word_1_98' title='bbox 429 1024 530 1084; x_wconf 84' lang='lat' dir='ltr'>quae</span> <span class='ocrx_word' id='word_1_99' title='bbox 556 1033 688 1072; x_wconf 90' lang='lat' dir='ltr'>omnia</span> <span class='ocrx_word' id='word_1_100' title='bbox 713 1033 878 1072; x_wconf 87' lang='lat' dir='ltr'>maiores</span> <span class='ocrx_word' id='word_1_101' title='bbox 903 1033 1029 1071; x_wconf 90' lang='lat' dir='ltr'>nostri</span> <span class='ocrx_word' id='word_1_102' title='bbox 1055 1045 1321 1088; x_wconf 55' lang='lat' dir='ltr'>comparaver-</span> 
     </span>
     <span class='ocr_line' id='line_1_15' title="bbox 126 1090 1318 1149; baseline -0.003 -11"><span class='ocrx_word' id='word_1_103' title='bbox 126 1104 215 1148; x_wconf 91' lang='lat' dir='ltr'>unt,</span> <span class='ocrx_word' id='word_1_104' title='bbox 251 1090 583 1138; x_wconf 61' lang='lat' dir='ltr'>nec&#39;candidatis</span> <span class='ocrx_word' id='word_1_105' title='bbox 620 1098 697 1136; x_wconf 86' lang='lat' dir='ltr'>ista</span> <span class='ocrx_word' id='word_1_106' title='bbox 735 1098 959 1149; x_wconf 76' lang='lat' dir='ltr'>benignitas</span> <span class='ocrx_word' id='word_1_107' title='bbox 997 1097 1210 1136; x_wconf 88' lang='lat' dir='ltr'>adimenda</span> <span class='ocrx_word' id='word_1_108' title='bbox 1247 1102 1318 1145; x_wconf 91' lang='lat' dir='ltr'>est,</span> 
     </span>
     <span class='ocr_line' id='line_1_16' title="bbox 126 1161 1365 1215; baseline -0.002 -12"><span class='ocrx_word' id='word_1_109' title='bbox 126 1176 227 1215; x_wconf 89' lang='lat' dir='ltr'>quae</span> <span class='ocrx_word' id='word_1_110' title='bbox 266 1162 546 1203; x_wconf 83' lang='lat' dir='ltr'>liberalitatem</span> <span class='ocrx_word' id='word_1_111' title='bbox 587 1162 712 1213; x_wconf 86' lang='lat' dir='ltr'>magis</span> <span class='ocrx_word' id='word_1_112' title='bbox 753 1162 949 1215; x_wconf 81' lang='lat' dir='ltr'>significat</span> <span class='ocrx_word' id='word_1_113' title='bbox 989 1175 1109 1213; x_wconf 88' lang='lat' dir='ltr'>quam</span> <span class='ocrx_word' id='word_1_114' title='bbox 1149 1161 1322 1213; x_wconf 84' lang='lat' dir='ltr'>largitio·</span> <span class='ocrx_word' id='word_1_115' title='bbox 1362 1208 1365 1210; x_wconf 18' lang='lat' dir='ltr'>q</span> 
     </span>
     <span class='ocr_line' id='line_1_17' title="bbox 126 1241 226 1266; baseline 0 0"><span class='ocrx_word' id='word_1_116' title='bbox 126 1241 226 1266; x_wconf 88' lang='lat' dir='ltr'>nem.</span> 
     </span>
     <span class='ocr_line' id='line_1_18' title="bbox 179 1289 1391 1342; baseline -0.002 -11"><span class='ocrx_word' id='word_1_117' title='bbox 179 1291 394 1331; x_wconf 88' lang='lat' dir='ltr'><strong>XXXVII.</strong></span> <span class='ocrx_word' id='word_1_118' title='bbox 425 1292 483 1330; x_wconf 92' lang='lat' dir='ltr'>At</span> <span class='ocrx_word' id='word_1_119' title='bbox 507 1291 613 1331; x_wconf 90' lang='lat' dir='ltr'>enim</span> <span class='ocrx_word' id='word_1_120' title='bbox 640 1296 679 1331; x_wconf 91' lang='lat' dir='ltr'>te</span> <span class='ocrx_word' id='word_1_121' title='bbox 706 1291 756 1331; x_wconf 93' lang='lat' dir='ltr'>ad</span> <span class='ocrx_word' id='word_1_122' title='bbox 784 1291 1046 1330; x_wconf 88' lang='lat' dir='ltr'>accusandum</span> <span class='ocrx_word' id='word_1_123' title='bbox 1074 1305 1136 1330; x_wconf 86' lang='lat' dir='ltr'>res</span> <span class='ocrx_word' id='word_1_124' title='bbox 1165 1290 1321 1342; x_wconf 91' lang='lat' dir='ltr'>publica</span> <span class='ocrx_word' id='word_1_125' title='bbox 1337 1289 1391 1333; x_wconf 84' lang='grc'>78</span> 
     </span>
     <span class='ocr_line' id='line_1_19' title="bbox 47 1357 1322 1415; baseline -0.002 -18"><span class='ocrx_word' id='word_1_126' title='bbox 47 1408 55 1415; x_wconf 25' lang='grc' dir='ltr'>ἱ</span> <span class='ocrx_word' id='word_1_127' title='bbox 127 1357 306 1397; x_wconf 85' lang='lat' dir='ltr'>adduxit.</span> <span class='ocrx_word' id='word_1_128' title='bbox 383 1357 523 1404; x_wconf 82' lang='lat' dir='ltr'>Credo,</span> <span class='ocrx_word' id='word_1_129' title='bbox 572 1357 683 1403; x_wconf 86' lang='lat' dir='ltr'>Cato,</span> <span class='ocrx_word' id='word_1_130' title='bbox 723 1361 762 1395; x_wconf 88' lang='lat' dir='ltr'>te</span> <span class='ocrx_word' id='word_1_131' title='bbox 808 1357 885 1396; x_wconf 88' lang='lat' dir='ltr'>isto</span> <span class='ocrx_word' id='word_1_132' title='bbox 932 1357 1063 1396; x_wconf 91' lang='lat' dir='ltr'>animo</span> <span class='ocrx_word' id='word_1_133' title='bbox 1110 1361 1229 1409; x_wconf 86' lang='lat' dir='ltr'>atque</span> <span class='ocrx_word' id='word_1_134' title='bbox 1275 1369 1322 1395; x_wconf 88' lang='lat' dir='ltr'>ea</span> 
     </span>
     <span class='ocr_line' id='line_1_20' title="bbox 0 1408 1320 1477; baseline -0.003 -14"><span class='ocrx_word' id='word_1_135' title='bbox 0 1412 117 1469; x_wconf 35' lang='lat'>„3²⁰”</span> <span class='ocrx_word' id='word_1_136' title='bbox 127 1422 312 1474; x_wconf 50' lang='lat' dir='ltr'>opitrione</span> <span class='ocrx_word' id='word_1_137' title='bbox 340 1422 522 1470; x_wconf 83' lang='lat' dir='ltr'>venisse3</span> <span class='ocrx_word' id='word_1_138' title='bbox 559 1421 628 1460; x_wconf 89' lang='lat' dir='ltr'>sed</span> <span class='ocrx_word' id='word_1_139' title='bbox 657 1426 703 1460; x_wconf 91' lang='lat' dir='ltr'>tu</span> <span class='ocrx_word' id='word_1_140' title='bbox 729 1421 999 1472; x_wconf 78' lang='lat' dir='ltr'>imprudentia</span> <span class='ocrx_word' id='word_1_141' title='bbox 1026 1408 1178 1477; x_wconf 37' lang='lat' dir='ltr'>labsseri&#39;s.</span> <span class='ocrx_word' id='word_1_142' title='bbox 1236 1421 1320 1472; x_wconf 83' lang='lat' dir='ltr'>Ego</span> 
     </span>
     <span class='ocr_line' id='line_1_21' title="bbox 114 1485 1318 1538; baseline -0.001 -12"><span class='ocrx_word' id='word_1_143' title='bbox 114 1486 234 1538; x_wconf 69' lang='lat' dir='ltr'>,quod</span> <span class='ocrx_word' id='word_1_144' title='bbox 263 1486 375 1533; x_wconf 87' lang='lat' dir='ltr'>facio,</span> <span class='ocrx_word' id='word_1_145' title='bbox 408 1485 568 1533; x_wconf 81' lang='lat' dir='ltr'>iudices,</span> <span class='ocrx_word' id='word_1_146' title='bbox 603 1499 692 1524; x_wconf 90' lang='lat' dir='ltr'>cum</span> <span class='ocrx_word' id='word_1_147' title='bbox 725 1485 920 1524; x_wconf 83' lang='lat' dir='ltr'>amicitiae</span> <span class='ocrx_word' id='word_1_148' title='bbox 958 1485 1241 1537; x_wconf 84' lang='lat' dir='ltr'>dignitatisque</span> <span class='ocrx_word' id='word_1_149' title='bbox 1274 1486 1318 1526; x_wconf 91' lang='lat' dir='ltr'>L.</span> 
     </span>
     <span class='ocr_line' id='line_1_22' title="bbox 130 1549 1319 1602; baseline 0 -12"><span class='ocrx_word' id='word_1_150' title='bbox 130 1551 319 1590; x_wconf 89' lang='lat' dir='ltr'>Murenae</span> <span class='ocrx_word' id='word_1_151' title='bbox 344 1551 472 1602; x_wconf 87' lang='lat' dir='ltr'>gratia</span> <span class='ocrx_word' id='word_1_152' title='bbox 496 1550 606 1597; x_wconf 90' lang='lat' dir='ltr'>facio,</span> <span class='ocrx_word' id='word_1_153' title='bbox 628 1555 715 1588; x_wconf 90' lang='lat' dir='ltr'>tum</span> <span class='ocrx_word' id='word_1_154' title='bbox 740 1563 802 1589; x_wconf 90' lang='lat' dir='ltr'>me</span> <span class='ocrx_word' id='word_1_155' title='bbox 828 1549 944 1601; x_wconf 84' lang='lat' dir='ltr'>pacis,</span> <span class='ocrx_word' id='word_1_156' title='bbox 965 1550 1048 1598; x_wconf 90' lang='lat' dir='ltr'>otii,</span> <span class='ocrx_word' id='word_1_157' title='bbox 1077 1550 1319 1599; x_wconf 85' lang='lat' dir='ltr'>concordiae,</span> 
     </span>
     <span class='ocr_line' id='line_1_23' title="bbox 129 1614 1320 1666; baseline -0.001 -11"><span class='ocrx_word' id='word_1_158' title='bbox 129 1615 336 1662; x_wconf 83' lang='lat' dir='ltr'>libertatis,</span> <span class='ocrx_word' id='word_1_159' title='bbox 376 1615 523 1662; x_wconf 89' lang='lat' dir='ltr'>salutis,</span> <span class='ocrx_word' id='word_1_160' title='bbox 563 1615 670 1654; x_wconf 90' lang='lat' dir='ltr'>vitae</span> <span class='ocrx_word' id='word_1_161' title='bbox 707 1614 879 1666; x_wconf 86' lang='lat' dir='ltr'>denique</span> <span class='ocrx_word' id='word_1_162' title='bbox 926 1614 1104 1653; x_wconf 88' lang='lat' dir='ltr'>omnium</span> <span class='ocrx_word' id='word_1_163' title='bbox 1141 1620 1320 1654; x_wconf 91' lang='lat' dir='ltr'>nostrum</span> 
     </span>
     <span class='ocr_line' id='line_1_24' title="bbox 129 1679 1321 1730; baseline -0.001 -11"><span class='ocrx_word' id='word_1_164' title='bbox 129 1692 245 1719; x_wconf 86' lang='lat' dir='ltr'>causa</span> <span class='ocrx_word' id='word_1_165' title='bbox 280 1681 406 1720; x_wconf 89' lang='lat' dir='ltr'>facere</span> <span class='ocrx_word' id='word_1_166' title='bbox 443 1679 568 1718; x_wconf 88' lang='lat' dir='ltr'>clamo</span> <span class='ocrx_word' id='word_1_167' title='bbox 610 1683 729 1730; x_wconf 85' lang='lat' dir='ltr'>atque</span> <span class='ocrx_word' id='word_1_168' title='bbox 775 1684 909 1719; x_wconf 86' lang='lat' dir='ltr'>testor.</span> <span class='ocrx_word' id='word_1_169' title='bbox 986 1679 1147 1727; x_wconf 87' lang='lat' dir='ltr'>Audite,</span> <span class='ocrx_word' id='word_1_170' title='bbox 1186 1680 1321 1719; x_wconf 82' lang='lat' dir='ltr'>audite</span> 
     </span>
     <span class='ocr_line' id='line_1_25' title="bbox 128 1743 1322 1795; baseline -0.001 -11"><span class='ocrx_word' id='word_1_171' title='bbox 128 1744 340 1792; x_wconf 89' lang='lat' dir='ltr'>consulem,</span> <span class='ocrx_word' id='word_1_172' title='bbox 375 1744 537 1795; x_wconf 77' lang='lat' dir='ltr'>iudices,</span> <span class='ocrx_word' id='word_1_173' title='bbox 567 1743 668 1782; x_wconf 92' lang='lat' dir='ltr'>nihil</span> <span class='ocrx_word' id='word_1_174' title='bbox 700 1744 828 1783; x_wconf 90' lang='lat' dir='ltr'>dicam</span> <span class='ocrx_word' id='word_1_175' title='bbox 861 1743 1128 1795; x_wconf 83' lang='lat' dir='ltr'>adrogantius,</span> <span class='ocrx_word' id='word_1_176' title='bbox 1163 1749 1322 1783; x_wconf 87' lang='lat' dir='ltr'>tantum</span> 
     </span>
     <span class='ocr_line' id='line_1_26' title="bbox 129 1809 1324 1861; baseline 0 -13"><span class='ocrx_word' id='word_1_177' title='bbox 129 1809 267 1857; x_wconf 84' lang='lat' dir='ltr'>dicam,</span> <span class='ocrx_word' id='word_1_178' title='bbox 302 1813 409 1859; x_wconf 85' lang='lat' dir='ltr'>totos</span> <span class='ocrx_word' id='word_1_179' title='bbox 441 1809 524 1848; x_wconf 87' lang='lat' dir='ltr'>dies</span> <span class='ocrx_word' id='word_1_180' title='bbox 562 1814 680 1860; x_wconf 88' lang='lat' dir='ltr'>atque</span> <span class='ocrx_word' id='word_1_181' title='bbox 713 1814 847 1848; x_wconf 88' lang='lat' dir='ltr'>noctes</span> <span class='ocrx_word' id='word_1_182' title='bbox 880 1809 929 1847; x_wconf 91' lang='lat' dir='ltr'>de</span> <span class='ocrx_word' id='word_1_183' title='bbox 961 1822 1003 1847; x_wconf 89' lang='lat' dir='ltr'>re</span> <span class='ocrx_word' id='word_1_184' title='bbox 1033 1809 1190 1860; x_wconf 89' lang='lat' dir='ltr'>publica</span> <span class='ocrx_word' id='word_1_185' title='bbox 1223 1810 1324 1861; x_wconf 85' lang='lat' dir='ltr'>cogi-</span> 
     </span>
     <span class='ocr_line' id='line_1_27' title="bbox 109 1867 1424 1927; baseline 0 -15"><span class='ocrx_word' id='word_1_186' title='bbox 109 1867 307 1914; x_wconf 75' lang='lat' dir='ltr'>tantem!</span> <span class='ocrx_word' id='word_1_187' title='bbox 362 1873 456 1913; x_wconf 89' lang='lat' dir='ltr'>Non</span> <span class='ocrx_word' id='word_1_188' title='bbox 488 1887 612 1927; x_wconf 85' lang='lat' dir='ltr'>usque</span> <span class='ocrx_word' id='word_1_189' title='bbox 646 1887 692 1913; x_wconf 90' lang='lat' dir='ltr'>eo</span> <span class='ocrx_word' id='word_1_190' title='bbox 725 1873 767 1913; x_wconf 92' lang='lat' dir='ltr'>L.</span> <span class='ocrx_word' id='word_1_191' title='bbox 804 1873 978 1913; x_wconf 85' lang='lat' dir='ltr'>Catilina</span> <span class='ocrx_word' id='word_1_192' title='bbox 1009 1887 1093 1912; x_wconf 87' lang='lat' dir='ltr'>rem</span> <span class='ocrx_word' id='word_1_193' title='bbox 1126 1873 1343 1924; x_wconf 73' lang='lat' dir='ltr'>publicam&#39;</span> <span class='ocrx_word' id='word_1_194' title='bbox 1380 1886 1382 1889; x_wconf 86' lang='lat'>·</span> <span class='ocrx_word' id='word_1_195' title='bbox 1421 1870 1424 1875; x_wconf 72' lang='grc'><em>’</em></span> 
     </span>
     <span class='ocr_line' id='line_1_28' title="bbox 131 1927 1321 1990; baseline 0.001 -14"><span class='ocrx_word' id='word_1_196' title='bbox 131 1938 313 1990; x_wconf 84' lang='lat' dir='ltr'>despexit</span> <span class='ocrx_word' id='word_1_197' title='bbox 337 1943 456 1989; x_wconf 88' lang='lat' dir='ltr'>atque</span> <span class='ocrx_word' id='word_1_198' title='bbox 483 1927 731 1989; x_wconf 74' lang='lat' dir='ltr'>contempsit,</span> <span class='ocrx_word' id='word_1_199' title='bbox 755 1943 800 1977; x_wconf 90' lang='lat' dir='ltr'>ut</span> <span class='ocrx_word' id='word_1_200' title='bbox 825 1951 871 1977; x_wconf 88' lang='lat' dir='ltr'>ea</span> <span class='ocrx_word' id='word_1_201' title='bbox 897 1938 1016 1989; x_wconf 91' lang='lat' dir='ltr'>copia,</span> <span class='ocrx_word' id='word_1_202' title='bbox 1046 1952 1165 1989; x_wconf 88' lang='lat' dir='ltr'>quam</span> <span class='ocrx_word' id='word_1_203' title='bbox 1191 1952 1321 1977; x_wconf 90' lang='lat' dir='ltr'>secum</span> 
     </span>
     <span class='ocr_line' id='line_1_29' title="bbox 133 2002 1319 2053; baseline 0.001 -12"><span class='ocrx_word' id='word_1_204' title='bbox 133 2002 282 2051; x_wconf 83' lang='lat' dir='ltr'>eduxit,</span> <span class='ocrx_word' id='word_1_205' title='bbox 313 2016 354 2042; x_wconf 88' lang='lat' dir='ltr'>se</span> <span class='ocrx_word' id='word_1_206' title='bbox 382 2003 483 2042; x_wconf 90' lang='lat' dir='ltr'>hanc</span> <span class='ocrx_word' id='word_1_207' title='bbox 511 2002 713 2042; x_wconf 88' lang='lat' dir='ltr'>civitatem</span> <span class='ocrx_word' id='word_1_208' title='bbox 743 2015 1023 2053; x_wconf 86' lang='lat' dir='ltr'>oppressurum</span> <span class='ocrx_word' id='word_1_209' title='bbox 1051 2003 1319 2042; x_wconf 83' lang='lat' dir='ltr'>arbitraretur.</span> 
     </span>
     <span class='ocr_line' id='line_1_30' title="bbox 132 2057 1323 2119; baseline 0.003 -15"><span class='ocrx_word' id='word_1_210' title='bbox 132 2065 271 2105; x_wconf 84' lang='lat' dir='ltr'>Latius</span> <span class='ocrx_word' id='word_1_211' title='bbox 287 2057 407 2119; x_wconf 21' lang='lat' dir='ltr'>&#39;pafet</span> <span class='ocrx_word' id='word_1_212' title='bbox 434 2067 540 2106; x_wconf 88' lang='lat' dir='ltr'>illius</span> <span class='ocrx_word' id='word_1_213' title='bbox 569 2067 724 2106; x_wconf 88' lang='lat' dir='ltr'>sceleris</span> <span class='ocrx_word' id='word_1_214' title='bbox 747 2067 940 2118; x_wconf 86' lang='lat' dir='ltr'>contagio,</span> <span class='ocrx_word' id='word_1_215' title='bbox 968 2080 1086 2118; x_wconf 89' lang='lat' dir='ltr'>quam</span> <span class='ocrx_word' id='word_1_216' title='bbox 1114 2067 1323 2118; x_wconf 85' lang='lat' dir='ltr'>quisquam</span> 
     </span>
     <span class='ocr_line' id='line_1_31' title="bbox 133 2123 1325 2183; baseline 0.002 -14"><span class='ocrx_word' id='word_1_217' title='bbox 133 2135 260 2182; x_wconf 82' lang='lat' dir='ltr'>putat,</span> <span class='ocrx_word' id='word_1_218' title='bbox 289 2130 338 2170; x_wconf 89' lang='lat' dir='ltr'>ad</span> <span class='ocrx_word' id='word_1_219' title='bbox 365 2123 497 2182; x_wconf 85' lang='lat' dir='ltr'>plures</span> <span class='ocrx_word' id='word_1_220' title='bbox 523 2131 707 2182; x_wconf 87' lang='lat' dir='ltr'>pertinet.</span> <span class='ocrx_word' id='word_1_221' title='bbox 766 2132 895 2179; x_wconf 90' lang='lat' dir='ltr'>Intus,</span> <span class='ocrx_word' id='word_1_222' title='bbox 922 2131 1041 2180; x_wconf 86' lang='lat' dir='ltr'>intus,</span> <span class='ocrx_word' id='word_1_223' title='bbox 1068 2132 1243 2183; x_wconf 87' lang='lat' dir='ltr'>inquam,</span> <span class='ocrx_word' id='word_1_224' title='bbox 1264 2137 1325 2172; x_wconf 86' lang='lat' dir='ltr'>est</span> 
     </span>
     <span class='ocr_line' id='line_1_32' title="bbox 134 2194 1325 2246; baseline 0.002 -12"><span class='ocrx_word' id='word_1_225' title='bbox 134 2208 256 2246; x_wconf 88' lang='lat' dir='ltr'>equus</span> <span class='ocrx_word' id='word_1_226' title='bbox 284 2194 478 2234; x_wconf 84' lang='lat' dir='ltr'>Troianus</span> <span class='ocrx_word' id='word_1_227' title='bbox 494 2211 505 2244; x_wconf 76' lang='lat'><em>3</em></span> <span class='ocrx_word' id='word_1_228' title='bbox 542 2210 565 2234; x_wconf 89' lang='lat' dir='ltr'>a</span> <span class='ocrx_word' id='word_1_229' title='bbox 592 2209 671 2246; x_wconf 88' lang='lat' dir='ltr'>quo</span> <span class='ocrx_word' id='word_1_230' title='bbox 703 2209 919 2246; x_wconf 88' lang='lat' dir='ltr'>numquam</span> <span class='ocrx_word' id='word_1_231' title='bbox 952 2210 1015 2234; x_wconf 90' lang='lat' dir='ltr'>me</span> <span class='ocrx_word' id='word_1_232' title='bbox 1047 2196 1205 2235; x_wconf 89' lang='lat' dir='ltr'>consule</span> <span class='ocrx_word' id='word_1_233' title='bbox 1238 2196 1325 2236; x_wconf 92' lang='lat' dir='ltr'>dor-</span> 
     </span>
     <span class='ocr_line' id='line_1_33' title="bbox 133 2252 1398 2313; baseline 0.004 -15"><span class='ocrx_word' id='word_1_234' title='bbox 133 2260 301 2299; x_wconf 84' lang='lat' dir='ltr'>mientes</span> <span class='ocrx_word' id='word_1_235' title='bbox 340 2260 627 2311; x_wconf 84' lang='lat' dir='ltr'>opprimemini.</span> <span class='ocrx_word' id='word_1_236' title='bbox 704 2252 868 2308; x_wconf 41' lang='lat' dir='ltr'>Quaeffis</span> <span class='ocrx_word' id='word_1_237' title='bbox 905 2274 928 2299; x_wconf 87' lang='lat' dir='ltr'>a</span> <span class='ocrx_word' id='word_1_238' title='bbox 964 2274 1037 2310; x_wconf 89' lang='lat' dir='ltr'>me,</span> <span class='ocrx_word' id='word_1_239' title='bbox 1073 2253 1215 2313; x_wconf 86' lang='lat' dir='ltr'>ecquid</span> <span class='ocrx_word' id='word_1_240' title='bbox 1253 2275 1324 2313; x_wconf 86' lang='lat' dir='ltr'>ego</span> <span class='ocrx_word' id='word_1_241' title='bbox 1346 2262 1398 2304; x_wconf 84' lang='lat'>79</span> 
     </span>
    </p>
   </div>
  </div>
 </body>
</html>
