1462 2398
159 135 181 171 2
523 133 627 171 PRO
655 133 697 171 L.
730 132 778 170 M
785 131 988 170 URENA.

159 237 310 273 vestrae
334 233 424 272 fidei
451 232 712 279 commendat,
734 232 801 283 qui
830 237 947 270 antea
974 231 1035 270 dis
1064 230 1352 269 immortalibus

157 297 459 346 commendavit,
482 303 528 336 ut
547 297 723 336 eiusdem
749 296 921 335 hominis
947 309 1040 335 voce
1067 300 1107 334 et
1132 294 1352 334 declaratus

156 362 292 402 consul
329 368 369 402 et
407 362 591 401 defensus
624 361 857 401 beneficium
889 360 1025 412 populi
1058 359 1228 399 Romani
1264 373 1352 399 cum

157 431 288 466 vestra
307 431 426 477 atque
447 426 623 465 omnium
644 426 789 465 civium
809 425 934 465 salute
954 430 1124 464 tueatur.

209 492 262 530 Et
281 492 469 542 quoniam
488 491 529 529 in
549 491 623 529 hoc
643 491 768 530 officio
787 490 965 529 studium
986 503 1094 529 meae
1114 489 1352 529 defensionis

156 555 205 594 ab
234 555 526 595 accusatoribus
559 560 678 606 atque
712 555 833 594 etiam
863 555 948 605 ipsa
980 555 1178 606 susceptio
1215 567 1352 593 causae

155 620 392 672 reprehensa
438 626 509 668 est,
549 625 762 671 antequam
808 633 879 670 pro
925 619 969 658 L.
1010 619 1178 658 Murena
1224 618 1352 658 dicere

156 685 334 734 instituo,
370 698 442 736 pro
475 698 538 723 me
572 684 658 735 ipso
691 697 814 735 pauca
852 683 991 731 dicam,
1023 697 1104 723 non
1137 697 1216 735 quo
1253 683 1351 722 mihi

154 749 286 800 potior
317 749 390 788 hoc
423 748 585 800 quidem
629 748 671 787 in
700 753 876 799 tempore
905 749 958 786 sit
986 747 1101 787 officii
1128 749 1206 787 mei
1234 761 1352 799 quam

155 814 316 853 huiusce
342 813 480 853 salutis
506 813 697 861 defensio,
718 812 787 852 sed
813 818 868 860 ut,
890 825 978 852 meo
1003 813 1109 852 facto
1135 812 1247 852 vobis
1267 825 1352 863 pro-

155 879 257 926 bato,
288 879 437 918 maiore
466 878 703 917 auctoritate
732 878 782 916 a'b
809 877 927 916 huius
956 877 1115 926 honore,
1146 877 1250 916 fama
1277 877 1352 916 for-

153 943 340 994 tunisque
378 942 562 981 omnibus
608 942 858 981 inimicorum
905 941 1076 992 impetus
1123 941 1351 993 propulsare

154 1007 314 1058 possim.
751 1000 754 1005 ¹

111 1069 137 1111 3
207 1071 259 1111 II.
291 1071 344 1110 Et
363 1072 536 1123 primum
562 1071 617 1111 M.
640 1071 783 1110 Catoni
803 1071 929 1110 vitam
949 1071 998 1110 ad
1019 1075 1166 1111 certam
1186 1071 1351 1111 rationis

152 1149 332 1175 normam
361 1136 557 1186 derigenti
586 1140 626 1175 et
655 1135 956 1187 diligentissime
985 1135 1246 1187 perpendenti
1272 1149 1350 1175 mo-

153 1205 288 1240 menta
313 1201 527 1240 officiorum
554 1200 732 1238 omnium
755 1199 804 1238 de
830 1200 955 1249 officio
977 1213 1065 1239 meo
1090 1200 1346 1252 respondebo.

153 1265 285 1317 Negat
314 1265 436 1304 fuisse
465 1269 617 1304 rectum
649 1264 748 1304 Cato
773 1277 843 1304 .me
877 1272 923 1303 et·
950 1264 1150 1304 consulem
1183 1269 1224 1304 et
1251 1265 1349 1318 legis

153 1330 325 1369 ambitus
344 1329 510 1368 latorem
530 1333 570 1367 et
589 1333 672 1367 tam
692 1341 826 1368 severe
840 1329 952 1380 gesto
967 1329 1173 1368 consulatu
1193 1342 1349 1369 causam

153 1394 196 1434 L.
227 1395 420 1434 Murenae
447 1393 653 1445 attingere.
711 1393 833 1433 Cuius
862 1394 1114 1445 reprehensio
1141 1407 1204 1434 me
1236 1395 1350 1434 vehe-

154 1464 308 1499 menter
339 1463 485 1506 movet,
515 1471 595 1497 non
630 1457 755 1497 solum
787 1462 833 1496 ut
860 1458 985 1507 vobis,
1015 1458 1176 1507 iudices,
1206 1448 1348 1510 quibus

153 1524 324 1563 maxime
352 1523 488 1571 debeo,
520 1535 658 1561 verum
687 1523 806 1562 etiam
835 1528 881 1562 ut
910 1523 986 1574 ipsi
1017 1522 1171 1572 Catoni,
1206 1524 1349 1575 gravis-

152 1585 251 1624 simo
277 1589 396 1636 atque
421 1584 677 1636 integerrimo
703 1584 799 1632 viro,
827 1584 1022 1623 rationem
1048 1585 1144 1627 facti
1166 1585 1245 1624 mei
1263 1598 1350 1637 pro-

152 1650 253 1689 bem.
310 1649 349 1688 A
368 1662 446 1700 quo
465 1648 641 1696 tandem,
662 1648 718 1687 M.
741 1648 853 1694 Cato,
875 1654 935 1688 est
960 1649 1123 1703 aequius
1148 1650 1346 1690 consulem

152 1713 312 1753 defendi
345 1726 464 1764 quam
496 1726 519 1751 a
551 1711 742 1751 consule?
798 1712 894 1760 Quis
927 1713 1024 1751 mihi
1053 1713 1095 1752 in
1123 1727 1165 1752 re
1192 1714 1377 1765 publica.

152 1783 285 1830 potest
317 1782 386 1817 aut
418 1777 539 1816 debet
572 1789 655 1815 esse
689 1777 936 1815 coniunctior
965 1790 1084 1828 quam
1116 1777 1160 1825 is,
1194 1778 1257 1817 cui
1285 1791 1348 1818 res

152 1843 310 1894 publica
341 1855 364 1881 a
393 1854 455 1880 me
483 1841 563 1879 iam
593 1840 767 1879 traditur
797 1841 1039 1888 sustinenda,
1070 1831 1222 1892 magnis
1250 1843 1347 1882 meis

152 1907 353 1964 laboribus
373 1911 414 1946 et
432 1905 618 1957 periculis
638 1910 860 1944 sustentata
876 1908 889 1945 2
933 1905 1083 1954 Quodsi
1102 1906 1144 1944 in
1163 1906 1211 1945 iis
1230 1907 1450 1962 rebus3f-

152 1971 388 2023 repetendis,
418 1983 517 2021 quae
550 1969 722 2020 mancipi
755 1974 860 2018 sunt,
893 1970 926 2008 is
959 1970 1178 2022 periculum
1210 1971 1346 2012 iudicii

152 2040 350 2088 praestare
370 2035 499 2083 debet,
519 2034 586 2086 qui
605 2047 646 2073 se
669 2046 777 2072 nexu
802 2034 1004 2086 obligavit,
1025 2035 1200 2086 profecto
1225 2037 1345 2076 etiam

153 2101 298 2140 rectius
335 2101 376 2138 in
414 2099 561 2138 iudicio
598 2098 768 2137 consulis
801 2098 997 2150 designati
1030 2100 1064 2138 is
1095 2100 1346 2151 potissimum

154 2164 335 2219 [consul],
374 2165 441 2215 qui
480 2162 679 2202 consulem
717 2162 944 2211 declaravit,
983 2168 1121 2214 auctor
1165 2165 1349 2206 beneficii

153 2229 287 2282 populi
330 2229 498 2268 Romani
545 2227 805 2278 defensorque
850 2228 1013 2280 periculi
1051 2241 1134 2269 esse
1171 2229 1341 2271 debebit.
