1462 2398
452 115 556 153 PRO
586 115 625 153 L.
658 115 917 155 MURENA.
1261 118 1280 154 7

90 214 172 260 bus,
202 215 460 266 gratulationi
487 215 529 253 in
558 215 723 254 victoria
750 216 837 254 fuit.
896 216 949 254 Et
977 215 1010 254 si
1037 216 1158 254 habet
1186 215 1284 254 Asia

88 275 348 327 suspicionem
372 276 553 316 luxuriae
573 277 784 328 quandam,
806 291 886 332 non
906 277 1044 316 Asiam
1063 291 1281 328 numquam

88 340 244 388 vidisse,
274 341 343 380 sed
375 341 418 380 in
450 341 547 380 Asia
579 342 831 381 continenter
863 342 1008 381 vixisse
1037 342 1282 381 laudandum

87 410 156 444 est.
215 406 341 455 Quam
378 406 428 445 ob
460 420 543 445 rem
581 420 661 445 non
698 407 816 446 Asiae
851 420 994 446 nomen
1028 407 1280 466 obiciendum
1309 433 1328 441 ν»

87 469 278 510 Murenae
305 470 392 524 fuit,
415 484 464 510 ex
493 485 571 522 qua
600 472 683 510 laus
713 471 895 520 familiae,
919 472 1108 530 memoria
1130 472 1277 524 generi,

87 534 211 593 honos
244 539 284 574 et
316 535 442 587 gloria
473 536 625 574 nomini
660 536 878 575 constituta
912 539 1002 584 est,
1018 535 1087 587 sed
1120 536 1280 587 aliquod

85 605 154 656 aut
198 600 239 638 in
286 601 383 639 Asia
402 606 652 655 (susceptum
693 606 762 639 aut
800 614 850 639 ex
887 588 984 640 Asia
1025 601 1280 651 deportatum

84 656 603 722 flagitiumsacssdedecusff
622 665 827 726 rMeruilsse
866 679 959 724 vero
1003 666 1202 716 stipendia
1238 666 1279 704 in

84 740 130 767 eo
171 728 287 777 bello,
326 729 433 780 quod
472 735 556 768 tum
594 729 764 780 populus
802 730 1005 768 Romanus
1043 743 1123 768 non
1162 730 1279 783 modo

84 793 312 841 maximum,
344 794 413 832 sed
447 795 566 833 etiam
600 794 727 833 solum
755 794 928 844 gerebat,
961 794 1133 842 virtutis,
1167 799 1279 845 patre

84 857 320 908 imperatore
375 858 638 897 libentissime
694 859 884 910 meruisse
939 859 1110 909 pietatis,
1160 851 1279 898 finem

83 922 372 973 stipendiorum
405 923 527 974 patris
559 923 766 962 victoriam
800 937 843 962 ac
877 923 1126 974 triumphum
1158 924 1278 963 fuisse

83 986 283 1026 felicitatis
319 987 406 1027 fuit.
464 988 679 1028 Maledicto
717 987 878 1039 quidem
915 988 1061 1027 idcirco
1098 988 1199 1026 nihil
1237 989 1278 1027 in

83 1051 188 1090 hisce
207 1052 323 1091 rebus
341 1052 417 1091 loci
437 1058 508 1099 est,
529 1052 635 1103 quod
655 1052 789 1091 omnia
806 1052 892 1091 laus
913 1053 1128 1103 occupavit.

134 1116 202 1155 VI.
236 1116 474 1156 Saltatorem
494 1117 669 1168 appellat
689 1117 729 1156 L.
754 1117 965 1156 Murenam
987 1117 1098 1157 Cato.
1157 1118 1276 1157 Male·
1295 1118 1347 1160 13

83 1180 233 1220 dictum
261 1187 331 1230 est,
363 1182 396 1220 si
424 1195 516 1221 vere
545 1182 725 1230 obicitur,
753 1182 998 1221 vehementis
1027 1183 1276 1230 accusatoris,

81 1245 143 1284 sin
179 1245 288 1293 falso,
327 1246 508 1285 maledici
547 1246 832 1286 conviciatoris
892 1238 1034 1295 Quare,
1074 1260 1162 1285 cum
1200 1248 1276 1287 ista

81 1310 134 1349 sis
149 1310 396 1358 auctoritate,
413 1324 493 1350 non
509 1311 639 1360 debes,
657 1311 802 1359 Marce,
821 1311 1001 1362 adripere
1021 1311 1274 1351 maledictum
1288 1310 1299 1322 '

81 1387 131 1413 ex
167 1375 287 1414 trivio
325 1380 395 1414 aut
431 1389 481 1414 ex
514 1389 738 1423 scurrarum
771 1375 903 1427 aliquo
938 1377 1114 1415 convicio
1148 1390 1276 1428 neque

81 1442 228 1478 temere
261 1439 460 1478 consulem
493 1440 630 1490 populi
662 1440 832 1479 Romani
866 1440 1094 1480 saltatorem
1123 1454 1274 1488 vocare,

81 1502 149 1541 sed
181 1503 487 1554 circumspicere,
523 1504 666 1555 quibus
700 1510 903 1555 praeterea
935 1505 1044 1544 vitiis
1077 1505 1274 1546 adfectum

81 1580 163 1606 esse
199 1580 354 1606 necesse
391 1568 443 1607 sit
480 1581 582 1617 eum,
622 1569 684 1607 cui
720 1582 812 1608 vere
850 1569 959 1608 istud
996 1570 1098 1609 obici
1134 1571 1272 1622 possit.

81 1630 208 1671 Nemo
246 1632 352 1670 em‘m
389 1633 470 1672 fere
508 1633 628 1672 saltat
665 1634 830 1686 sobrius,
866 1634 944 1673 nisi
976 1635 1079 1674 forte
1113 1635 1271 1684 insanit,

79 1707 206 1746 neque
251 1696 293 1735 in
339 1696 553 1736 solitudine
598 1711 726 1749 neque
764 1698 806 1736 in
844 1699 1274 1760 convivUoderato

17 1778 20 1782 ·
79 1765 198 1811 atque
242 1760 420 1800 honesto.
477 1761 720 1813 Tempestivi
767 1763 949 1808 convivii,
991 1764 1144 1802 amoeni
1185 1764 1272 1813 loci,

79 1824 293 1864 multarum
340 1825 570 1865 deliciarum
617 1839 746 1865 comes
784 1832 844 1866 est
881 1833 1060 1866 extrema
1101 1828 1270 1869 saltatio.

77 1887 140 1928 Tu
183 1889 282 1928 mihi
327 1890 475 1941 adripis
520 1891 605 1939 hoc,
645 1891 752 1942 quod
792 1905 947 1931 necesse
990 1898 1050 1931 est
1096 1894 1272 1932 omnium

79 1952 267 1993 vit-‚iorum
321 1967 405 1994 esse
459 1960 715 2006 postremum,
765 1955 957 2007 relinquis
1002 1956 1081 2004 illa,
1131 1958 1272 2008 quibus

78 2018 240 2057 remotis
259 2017 333 2058 hoc
352 2019 496 2070 vitium
520 2020 681 2058 omnino
701 2033 784 2059 esse
804 2034 884 2060 non
904 2026 1047 2072 potest.
1106 2021 1273 2075 Nullum

78 2085 195 2133 turpe
234 2083 469 2132 convivium,
510 2097 590 2122 non
631 2097 751 2137 amor,
791 2098 870 2123 non
913 2086 1149 2154 cQatiO,
1192 2100 1273 2126 non

45 2176 47 2178 -
77 2144 212 2194 libido,
252 2159 332 2186 non
369 2152 550 2210 suQs
589 2148 868 2198 ostenditur?
887 2155 938 2198 et,
979 2163 1067 2189 cum
1106 2164 1152 2190 ea
1192 2165 1271 2191 non

39 2263 43 2272 ἁ
77 2210 336 2262 reperiantur,
370 2225 468 2263 quae
508 2212 724 2263 voluptatis
763 2227 905 2252 nomen
945 2215 1103 2262 habent,
1140 2230 1273 2267 quam-

1330 2033 1421 2121 71⁴²

1291 2122 1335 2174 ⁹7)
