1462 2398
146 141 193 178 26
512 140 614 180 PRO
643 141 684 179 L.
716 141 968 180 MURENA.

143 241 397 291 postulationi
421 247 523 288 tuae,
545 241 615 279 sed
634 254 712 280 non
733 241 904 280 libenter
930 242 1130 280 duriorem
1155 243 1339 282 fortunae

142 305 340 343 communi
370 305 640 344 condicionem
669 314 709 343 te
738 312 896 345 auctore
928 307 1145 346 constituit.
1205 307 1337 346 Morbi

143 370 388 408 excusationi
418 383 544 421 poena
573 369 710 408 addita
738 371 837 418 est}
853 371 1037 409 voluntas
1067 372 1214 410 offensa
1242 371 1338 410 mul-

143 441 284 480 torum,
325 434 467 485 quibus
506 439 581 473 aut
616 439 753 473 contra
798 411 1040 474 valetudinis
1087 435 1337 474 commodum

141 499 401 537 laborandum
435 504 494 537 est
528 503 597 537 aut
626 499 876 538 incommodo
907 500 1034 538 morbi
1069 500 1187 539 etiam
1219 500 1337 539 ceteri

95 572 98 574 ’
143 563 246 602 vitae
283 563 435 602 fructus
472 560 744 614 relinquendi:-
793 563 899 612 Quid
938 567 1059 616 ergo?
1117 565 1212 604 haec
1249 565 1338 616 quis

140 628 266 666 tulit?
339 628 389 676 Is,
430 628 497 678 qui
536 628 764 667 auctoritai
801 634 972 676 senatus,
1011 629 1208 668 voluntati
1246 635 1338 669 tuae

141 693 283 743 paruit,
305 692 477 743 denique
500 693 534 731 is
560 692 663 740 tulit,
689 693 754 749 ogi
778 693 940 731 minime
967 693 1193 746 proderant.
1250 693 1335 742 Illa,

140 770 240 808 quae
278 770 366 805 inea
403 751 558 805 summa
595 757 801 807 voluntate
847 763 1006 797 senatus
1052 758 1237 810 frequens
1282 772 1339 798 re-

140 821 331 871 pudiavit,
363 821 616 860 mediocriter
648 821 856 861 adversata
889 822 963 861 tibi
997 836 1080 862 esse
1108 823 1339 862 existimas'l

140 885 422 925 Confusionem
469 886 743 938 suffragiorum
782 887 982 939 flagitasti,
1021 888 1336 938 perrogationem

139 951 236 1002 legis
270 951 470 1000 Maniliae,
506 952 781 1003 aequationem
815 952 976 1002 gratiae,
1012 951 1231 1004 dignitatis,
1262 953 1337 991 suf—

139 1016 370 1067 fragiorum.⁶
422 1016 610 1056 Graviter
641 1007 822 1055 homines
851 1016 1007 1056 honesti
1039 1022 1158 1068 atque
1186 1017 1228 1056 in
1257 1017 1338 1056 suis

100 1081 411 1141 ''lvicinitatibus
450 1087 490 1119 et
527 1081 755 1137 municipiis
792 1081 956 1132 gratiosi
994 1081 1172 1120 tulerunt
1205 1095 1229 1120 a
1266 1081 1336 1120 tali

139 1146 225 1185 viro
245 1159 328 1185 esse
347 1151 579 1200 pugnatum,
601 1151 648 1184 ut
667 1159 804 1184 omnes
823 1151 865 1184 et
888 1146 1095 1197 dignitatis
1121 1151 1162 1186 et
1187 1146 1337 1197 gratiae

139 1210 284 1262 gradus
312 1210 558 1249 tollerentur.
618 1210 730 1249 Idem
760 1210 941 1263 editicios
970 1210 1118 1249 iudices
1147 1224 1230 1250 esse
1258 1211 1337 1250 vol-

139 1275 244 1323 uisti,
291 1280 338 1314 ut
384 1274 475 1314 odia
521 1274 674 1313 occulta
720 1274 876 1321 civium,
926 1288 1034 1326 quae
1063 1275 1195 1314 tacitis
1232 1288 1337 1314 nunc

140 1339 346 1378 discordiis
380 1339 644 1387 continentur,
680 1339 721 1377 in
755 1339 933 1378 fortunas
971 1339 1111 1390 optimi
1149 1341 1336 1391 cuiusque

140 1409 402 1454 erumperent.
461 1403 570 1442 Haec
591 1404 724 1442 omnia
743 1403 817 1442 tibi
837 1404 1044 1443 accusandi
1065 1404 1170 1443 viam
1189 1405 1337 1444 munie-

141 1469 247 1515 bant,
270 1468 515 1519 adipiscendi
536 1468 873 1519 obsaepiebant.

69 1529 123 1571 48
194 1534 327 1583 Atque
362 1546 412 1572 ex
439 1533 623 1594 omnibus
651 1533 720 1571 illa
746 1533 863 1584 plaga
891 1539 951 1572 est
979 1533 1123 1573 iniecta
1150 1533 1337 1585 petitioni

50 2213 111 2224 0—⁷⁴

141 1603 244 1644 tuae,
274 1611 356 1636 non
384 1602 549 1654 tacente
582 1610 663 1654 me,
685 1597 870 1649 maxima,
903 1598 952 1650 de
985 1611 1064 1648 qua
1096 1598 1146 1637 ab
1177 1598 1337 1638 homine

141 1661 458 1713 ingeniosissimo
492 1666 533 1700 et
565 1660 845 1713 copiosissimo,
883 1662 923 1708 Q.
955 1662 1179 1710 Hortensio,
1210 1663 1338 1702 multa

141 1727 372 1776 gravissime
400 1726 508 1765 dicta
536 1731 638 1765 sunu
698 1725 784 1777 Quo
809 1726 929 1765 etiam
951 1726 1049 1765 mihi
1075 1727 1212 1766 durior
1229 1727 1337 1767 locus

142 1795 202 1830 est
236 1779 396 1830 dicendi
429 1790 557 1839 datus,
588 1795 765 1839 utracum
793 1795 887 1830 ante
915 1804 978 1830 me
1006 1795 1047 1830 et
1062 1791 1141 1831 *ille
1169 1791 1338 1831 dixisset

142 1860 182 1895 et
218 1855 282 1893 vir
318 1856 480 1894 ‘summa
517 1855 713 1906 dignitate
751 1859 791 1894 et
827 1854 1035 1906 diligentia
1071 1860 1111 1894 et
1146 1855 1336 1909 facultate

142 1919 311 1966 dicendi,
353 1919 406 1958 M.
450 1919 624 1966 Crassus,
665 1932 737 1970 ego
774 1919 813 1957 in
853 1923 1030 1958 extremo
1067 1932 1146 1958 non
1182 1924 1335 1971 partem

842 1966 1010 1980 W--

143 1985 314 2035 aliquam
361 1997 516 2035 agerem
565 1996 714 2032 causae,
754 1977 839 2023 sets
864 1983 913 2023 de
950 1987 1036 2022 tota
1062 1985 1114 2023 re
1151 1984 1348 2035 dicerem,v

142 2048 248 2100 quod
285 2048 383 2086 mihi
419 2048 829 2101 videretursfsltaque
864 2048 907 2087 in
944 2047 1070 2102 isdem
1106 2049 1224 2088 rebus
1254 2049 1336 2091 fere

119 2125 278 2171 κν-θΐιέοι·
319 2117 370 2160 et,
391 2112 540 2166 *quoad
578 2125 748 2162 possum,
787 2112 946 2160 iudices,
986 2125 1144 2166 occurro
1181 2115 1336 2154 vestrae

105 2202 107 2207 ,
144 2177 330 2216 satietati.
389 2176 539 2215 XXIV.
572 2176 650 2215 Sed
669 2181 814 2224 tamen,
833 2175 957 2224 Servi,
972 2182 1149 2231 quamte
1168 2178 1335 2227 securim

144 2236 260 2292 putas
282 2241 459 2280 iniecisse
479 2242 662 2292 petitioni
685 2247 786 2289 tuae,
805 2255 892 2280 cum
908 2241 1094 2292 populum
1113 2242 1335 2283 Romanum
