1462 2398
475 143 577 182 PRO
606 144 647 182 L.
679 143 938 182 MURENA.
1254 144 1299 181 17

108 245 258 298 geritur
287 259 359 294 res,
392 243 591 296 spernitur
621 242 776 283 orator'
807 257 886 282 non
916 242 1043 282 solum
1072 241 1231 281 odiosus
1258 242 1299 280 in

108 310 274 350 dicendo
307 324 350 349 ac
382 309 538 361 loquax,
573 322 712 347 verum
745 308 864 347 etiam
902 308 1079 356 ‘bonus3
1117 306 1300 345 horridus

109 376 221 415 miles
253 374 442 423 amatur'3
474 378 651 413 vestrum
685 386 778 412 vero
813 372 989 411 studium
1024 376 1153 410 totum
1186 372 1297 410 iacet.

111 440 223 480 ‘Non
251 453 301 479 ex
327 440 411 478 iure
441 452 602 478 manum
630 442 867 485 consertum,
899 437 968 476 sed
996 436 1126 484 ferro‚'
1157 436 1299 487 inquit,

109 510 218 544 ‘rem
259 503 468 556 repetunt.'
554 503 669 552 Quod
707 503 740 541 si
778 503 834 541 ita
872 507 942 550 est,
984 501 1108 548 cedat,
1147 502 1299 552 opinor,

109 569 271 621 Sulpici,
300 569 431 619 forum
461 568 610 615 castris,
644 567 771 607 otium
802 566 979 614 militiae,
1013 566 1128 605 stilus
1157 565 1298 617 gladio,

107 635 247 674 umbra
283 633 379 683 soli3
417 633 469 672 sit
502 633 673 684 denique
706 632 748 670 in
783 631 944 670 civitate
982 644 1027 669 ea
1063 631 1191 682 prima
1226 644 1298 679 res,

108 704 270 751 propter
297 711 416 750 quam
443 698 529 749 ipsa
557 703 617 736 est
645 697 783 736 civitas
813 695 990 735 omnium
1019 695 1210 746 princeps.

119 790 127 794 -
161 763 311 803 Verum
358 763 452 803 haec
500 762 611 801 Cato·
646 762 812 800 nimium
861 774 932 799 nos
978 760 1124 799 nostris
1171 759 1302 799 verbis
1319 758 1370 800 31

108 842 252 881 magna
270 829 396 868 facere
417 827 663 871 demonstrat
684 831 724 865 et
744 825 887 865 oblitos
916 838 999 864 esse
1027 825 1176 864 bellum
1203 825 1302 865 illud

110 906 225 932 omne
262 892 582 931 Mithridaticum
620 904 710 930 cum
746 889 985 929 mulierculis
1018 903 1101 928 esse
1133 894 1299 940 gestum.

109 957 225 1007 Quod
262 971 333 1009 ego
370 957 485 1015 longe
524 969 634 995 secus
671 955 870 1002 existimo,
902 955 1060 1003 iudices,
1097 954 1223 1006 deque
1256 967 1305 993 eo

109 1035 233 1074 pauca
251 1018 465 1070 disseram3
494 1033 622 1071 neque
649 1020 755 1058 enim
776 1032 891 1065 causa
909 1019 951 1057 in
971 1019 1044 1058 hoo
1064 1017 1300 1058 continetur.

109 1086 214 1126 Nam
234 1087 266 1125 si
286 1086 420 1125 omnia
448 1085 560 1132 bella,
583 1097 684 1135 quae
704 1097 791 1122 cum
813 1083 973 1122 Graecis
992 1083 1195 1135 gessimus,
1216 1096 1303 1127 con-

110 1151 323 1191 temnenda
342 1156 446 1198 sunt,
469 1149 697 1188 derideatur
717 1148 766 1187 de
786 1162 876 1200 rege
897 1148 1051 1199 Pyrrho
1077 1140 1304 1199 triumphus
1332 1160 1335 1162 “

109 1215 174 1255 M'.
207 1215 330 1263 Curii,
361 1215 409 1254 de
438 1214 624 1266 Philippo
653 1213 695 1252 Τ.
727 1213 952 1261 Flaminini,
984 1213 1033 1252 de
1062 1213 1216 1267 Aetolis
1245 1213 1300 1253 Μ.

109 1280 252 1326 Fulvii,
273 1280 322 1319 de
348 1293 438 1331 rege
463 1279 582 1329 Perse
607 1278 649 1317 L.
674 1278 800 1324 Pauli,
822 1278 870 1316 de
897 1277 1054 1316 Pseud
1021 1277 1235 1333 Q1l1pp0
1256 1278 1310 1327 Q·

109 1345 274 1393 Metelli,
307 1344 356 1383 de
386 1343 606 1383 Corinthiis
636 1343 679 1381 L.
712 1342 909 1387 Mummii.
968 1342 1038 1380 Sin
1072 1342 1167 1381 haec
1200 1341 1323 1382 bellat

109 1409 340 1462 gravissima
372 1409 639 1459 victoriaeque
673 1403 810 1446 eorum
842 1406 1035 1445 bellorum
1068 1406 1304 1446 clarissimae

110 1474 281 1521 fuerunt,
304 1486 372 1512 cur
391 1472 589 1512 Asiaticae
608 1471 790 1510 nationes
816 1475 936 1521 atque
963 1470 1031 1510 ille
1060 1485 1083 1509 a
1110 1476 1150 1511 te
1178 1461 1303 1510 hostis

111 1538 404 1577 contemnitur?
457 1536 585 1588 Atqui
611 1545 660 1577 ex
678 1540 858 1575 veterum
886 1549 1018 1574 rerum
1036 1536 1303 1575 monumentis

111 1603 175 1642 vel
205 1603 423 1641 maximum
453 1600 600 1640 bellum
631 1599 821 1656 populum
851 1600 1077 1639 Romanum
1107 1613 1196 1639 cum
1223 1600 1305 1639 An-

112 1667 242 1706 tiocho
278 1666 442 1718 gessisse
479 1664 619 1714 video;
658 1664 768 1703 cuius
800 1664 895 1704 belli
929 1664 1055 1703 victor
1092 1664 1137 1703 L.
1171 1663 1303 1716 Scipio

109 1742 235 1780 aequa
261 1725 390 1790 paQ
404 1741 492 1766 cum
520 1726 662 1766 Publio
690 1727 814 1766 fratre
842 1725 979 1778 gloria,
1001 1740 1119 1777 quam
1144 1726 1303 1765 laudem

109 1793 175 1832 ille
199 1793 335 1835 Africa
362 1804 548 1844 oppressa
576 1790 808 1842 cognomine
836 1791 921 1842 ipso
950 1804 1042 1841 prae
1071 1804 1111 1829 se
1139 1791 1301 1837 ferebat,

72 1871 75 1875 ·
111 1856 274 1906 eandem
303 1855 367 1895 hic
397 1855 472 1895 sibi
503 1869 553 1895 ex
582 1855 701 1894 Asiae
733 1855 894 1894 nomine
928 1854 1158 1906 adsumpsit.
1217 1854 1303 1903 Quo
1321 1854 1374 1895 32

111 1909 285 1972 quidem
301 1921 343 1960 in
376 1918 479 1960 bello
507 1919 635 1958 virtus
667 1918 814 1970 enituit
847 1919 1005 1970 egregia
1038 1919 1093 1958 M
1128 1918 1301 1968 Catonis,

111 1985 246 2037 proavi
270 1985 354 2034 tui3
381 1998 460 2037 quo
485 1984 564 2033 ille,
594 1997 683 2022 cum
711 1989 825 2030 esset,
855 1988 901 2022 ut
930 1996 1002 2034 ego
1031 1983 1130 2021 mihi
1159 1988 1302 2034 statuo,

111 2049 217 2097 talis‚-
233 2049 388 2101 qualern
411 2053 453 2088 te
477 2062 561 2088 esse
580 2047 708 2095 video,
731 2061 948 2099 numquam
968 2053 1071 2086 esset
1091 2048 1303 2098 profectus,

111 2113 144 2153 si
180 2127 270 2154 cum
301 2113 540 2153 mulierculis
572 2111 802 2165 bellandum
836 2112 1105 2151 arbitraretur.
1164 2112 1304 2163 Neque

112 2190 204 2218 vero
241 2191 331 2217 cum
367 2178 409 2217 P.
450 2178 639 2216 Africano
677 2181 838 2215 senatus
876 2176 1031 2228 egisset,
1067 2181 1113 2215 ut
1151 2177 1304 2228 legatus

55 2245 83 2283 ³.
110 2241 224 2300 Q
242 2241 562 2294 proficisceretur,
584 2231 673 2280 cum
698 2241 782 2292 ipse
809 2241 928 2292 paulo
957 2245 1050 2280 ante
1079 2240 1305 2281 Hannibale
