1462 2398
151 145 172 181 6
514 143 618 182 PRO
646 143 688 181 L.
721 143 980 182 MURENA.

149 242 223 282 hoc
251 243 357 281 idem
385 243 428 291 Q.
459 243 686 291 Hortensio,
715 243 770 282 M.
800 243 951 291 Crasso,
983 242 1208 282 clarissimis
1238 242 1343 292 viris,

150 308 183 347 si
219 307 324 347 idem
362 308 512 357 ceteris,
548 323 570 347 a
607 309 750 359 quibus
791 308 978 359 intellego
1022 314 1131 347 tuam
1177 308 1343 359 gratiam

151 373 283 426 magni
321 373 532 421 aestimari,
572 373 786 422 accidisset,
825 373 866 412 in
914 387 958 412 ea
1004 373 1164 413 civitate
1210 373 1345 413 consul

150 438 379 491 designatus
412 438 658 477 defensorem
690 452 770 478 non
803 438 978 486 haberet,
1012 438 1054 477 in
1087 452 1165 490 qua
1197 437 1346 477 nemini

151 517 340 555 umquam
385 503 522 542 infimo
568 503 736 543 maiores
782 503 908 542 nostri
954 508 1166 554 patronum
1211 502 1346 542 deesse

151 568 372 607 voluerunt.
431 568 514 620 Ego
544 581 648 615 vero,
679 568 840 615 iudices,
871 568 954 619 ipse
982 581 1045 607 me
1078 568 1345 607 existimarem

151 633 355 679 nefarium,
391 633 423 671 si
457 632 593 680 amico,
629 632 837 681 crudelem,
874 632 906 671 si
936 632 1090 688 misero,
1120 632 1344 684 superbum,

151 698 183 736 si
209 697 361 736 consuli
386 697 607 736 defuissem.
633 697 809 747 (Quare,
837 697 943 748 quod
970 697 1147 736 dandum
1172 702 1232 736 est
1254 697 1347 736 ami-

151 763 277 810 citiae,
311 762 419 814 large
458 762 619 802 dabitur
657 776 680 801 a
712 775 786 810 me,
821 767 867 800 ut
898 767 1031 801 tecum
1063 776 1187 814 agam,
1220 762 1345 807 Servi,

152 841 230 867 non
269 841 379 866 secus
416 841 460 866 ac
498 827 532 866 si
568 841 677 866 meus
717 831 820 866 esset
857 827 989 875 frater,
1030 827 1098 879 qui
1143 827 1241 866 mihi
1288 831 1347 865 est

151 892 385 941 carissimus,
407 892 484 931 isto
503 892 545 930 in
569 892 652 930 loco
670 906 680 940 3
708 891 815 942 quod
840 891 1098 931 tribuendum
1124 896 1184 930 est
1209 891 1346 940 officio,

152 956 255 1004 fidei,
285 957 478 1008 religioni,
509 956 550 995 id
579 956 636 995 ita
663 956 908 1005 moderabor,
938 961 984 1008 ut
1011 956 1257 997 meminerim
1285 969 1348 995 me

152 1026 288 1060 contra
316 1021 431 1060 amici
460 1021 639 1060 studium
667 1035 738 1072 pro
766 1021 881 1060 amici
909 1021 1084 1072 periculo
1112 1020 1252 1060 dicere.

83 1088 133 1128 11
205 1086 253 1125 V.
286 1086 493 1138 Intellego,
515 1085 674 1133 iudices,
692 1091 773 1124 tres
792 1086 918 1124 totius
939 1085 1196 1124 accusationis
1216 1090 1347 1136 partes

151 1151 282 1198 fuisse,
305 1156 345 1190 et
364 1164 500 1190 earum
518 1164 639 1189 unam
658 1150 699 1188 in
719 1150 1024 1204 reprehensione
1044 1150 1161 1198 vitae,
1184 1150 1347 1189 alteram

152 1215 195 1254 in
223 1216 475 1255 contentione
505 1215 724 1266 dignitatis,
751 1215 913 1253 tertiam
940 1215 983 1253 111
1011 1215 1243 1255 criminibus
1271 1229 1348 1254 am-

153 1280 260 1319 bitus
290 1274 376 1319 esse
409 1285 616 1319 versatam.
675 1279 809 1330 Atque
828 1277 987 1319 ‘harum
1020 1279 1142 1318 trium
1177 1279 1347 1331 partium

153 1345 281 1396 prima
317 1345 396 1392 illa,
431 1358 533 1395 quae
570 1344 806 1396 gravissima
843 1344 1016 1383 debebat
1052 1358 1147 1393 esse,
1181 1344 1238 1383 ita
1270 1344 1347 1383 fuit

153 1410 310 1448 infirma
342 1414 383 1448 et
415 1409 524 1457 levis,
560 1414 606 1448 ut
637 1409 725 1448 illos
758 1409 824 1464 lex
856 1399 1208 1469 magis'quaedam
1241 1423 1264 1448 a
1299 1422 1348 1447 ·u·

155 1474 302 1514 satoria
348 1488 467 1526 quam
505 1487 600 1527 vera
637 1474 738 1518 male
776 1461 936 1513 dicendi
974 1474 1141 1513 facultas
1177 1473 1227 1513 de
1264 1422 1324 1513 J}
1351 1463 1355 1468 ⁴

153 1539 196 1579 L.
246 1539 438 1579 Murenae
474 1538 604 1578 dicere
643 1538 794 1590 aliquid
831 1539 1039 1590 coegerit*
1077 1532 1242 1579 Obiecta
1287 1528 1348 1579 est

154 1604 260 1643 enim
306 1603 427 1652 Asia3
483 1616 583 1654 quae
621 1603 670 1642 ab
707 1603 780 1648 hoc
817 1616 897 1642 non
935 1603 986 1642 ad
1024 1603 1270 1655 voluptatem
1307 1608 1348 1643 et

154 1668 351 1707 luxuriam
371 1668 550 1719 expetita
569 1673 639 1716 est,
658 1667 727 1706 sed
747 1668 788 1706 in
802 1667 966 1708 militari
979 1668 1112 1707 labore
1127 1673 1345 1720 peragrata.

154 1734 230 1783 Qui
250 1734 283 1773 si
303 1732 531 1772 adulescens
551 1738 662 1784 patre
683 1745 752 1771 suo
772 1733 1008 1787 imperatore
1027 1746 1107 1771 non
1126 1723 1347 1780 meruisset,

154 1804 223 1838 aut
267 1798 424 1839 hostem
471 1803 540 1836 aut
584 1797 708 1848 patris
753 1797 963 1848 imperium
995 1791 1183 1836 timuisse¹
1214 1802 1285 1836 aut
1324 1811 1347 1837 a

154 1868 316 1914 parente
353 1861 585 1913 repudiatus
618 1861 831 1900 videretur.
891 1852 970 1907 An,
1004 1874 1093 1900 cum
1131 1861 1266 1900 sedere
1303 1861 1344 1900 in

154 1928 264 1979 equis
310 1927 644 1978 triumphantium
691 1926 933 1977 praetextati
979 1926 1263 1977 potissimum
1275 1926 1346 1966 filii

154 1992 315 2041 soleant,
355 1984 446 2031 huic
493 1991 608 2030 donis
654 1991 895 2033 militaribus
935 1991 1059 2042 patris
1097 1991 1345 2043 triumphum

153 2058 336 2096 decorare
363 2056 597 2108 fugiendum
626 2055 713 2104 fuit,
735 2061 782 2094 ut
803 2055 920 2094 rebus
943 2057 1206 2095 communiter
1223 2056 1345 2108 gestis

83 2129 139 2170 12
151 2134 276 2182 paene
322 2120 438 2160 simul
485 2123 572 2159 cum
619 2125 731 2171 patre
737 2102 1069 2170 triumpharet?
1125 2120 1201 2160 Hic
1238 2134 1342 2170 vero,

151 2183 313 2234 iudices,
349 2191 389 2225 et
421 2185 498 2224 fuit
530 2185 571 2224 in
605 2184 702 2224 Asia
735 2190 775 2224 et
808 2185 892 2224 viro
929 2185 1154 2239 fortissimo,
1190 2186 1346 2237 parenti

152 2266 232 2300 suo,
254 2265 398 2302 magno
427 2250 658 2289 adiumento
687 2250 726 2288 111
757 2250 952 2301 periculis,
976 2250 1120 2290 solacio
1145 2251 1183 2288 in
1207 2250 1344 2290 labori-
