1462 2398
152 166 201 204 36
518 166 621 206 PRO
648 166 690 205 L.
723 166 977 206 MURENA.

149 267 417 318 reprehendis,
451 267 558 318 quod
590 267 697 306 idem
731 267 952 323 defendam,
985 267 1091 318 quod
1124 266 1209 318 lege
1237 265 1348 318 puni-

150 332 258 371 erim.
316 331 463 370 Punivi
491 332 696 380 ambitum,
725 345 806 371 non
835 333 1127 380 innocentiam;
1156 331 1348 370 ambitum

149 410 243 437 vero
280 397 410 447 ipsum
443 397 506 435 vel
540 402 671 435 tecum
705 397 907 445 accusabo,
942 397 974 436 si
1007 397 1126 436 voles.
1197 395 1350 435 Dixisti

151 466 310 501 senatus
355 461 579 500 consultum
625 475 687 500 me
733 462 929 501 referente
976 475 1059 500 esse
1096 461 1270 501 factum:
1317 460 1350 499 si

150 526 330 587 meggede
359 527 516 566 obviam
545 526 767 565 candidatis
794 526 928 574 issent,
952 526 985 564 si
1005 525 1190 565 conducti
1209 529 1351 564 sectar-

151 597 279 640 entur,
301 592 335 630 si
352 591 640 643 gladiatoribus
666 591 774 630 loeus
801 591 984 637 tributim
1007 596 1048 630 et
1065 591 1162 630 item
1182 589 1351 642 prandia

150 657 183 696 si
203 658 323 708 vulgo
342 661 475 696 essent
494 656 598 704 data,
621 662 760 695 contra
779 656 905 708 legem
926 656 1182 707 Calpurniam
1199 656 1348 694 factum

151 722 289 771 videri.
324 714 464 773 „ErgQ
499 721 557 760 ita
595 727 754 761 senatus
787 722 819 760 si
852 721 1012 769 iudicat,
1048 726 1185 760 contra
1222 720 1348 771 legem

150 787 254 826 facta
287 787 383 826 haec
411 786 548 834 videri,
580 787 613 825 si
645 786 750 825 facta
782 786 873 834 sint,
903 785 1083 825 decernit
1112 784 1219 837 quod
1249 784 1350 822 nihil

151 865 250 903 opus
278 857 350 900 est,
376 851 471 890 dum
497 851 719 890 candidatis
748 864 898 890 morem
925 851 1052 902 gerit3
1079 864 1173 889 nam
1199 849 1348 888 factum

151 917 204 956 sit
230 930 365 961 necne,
395 916 654 955 vehementer
682 915 909 967 quaeritur3
939 915 971 954 si
999 915 1148 954 factum
1168 914 1231 962 sit,
1252 913 1348 965 quin

83 979 135 1020 68
154 987 290 1021 contra
318 981 446 1033 legem
475 981 538 1027 sit,
571 980 755 1019 dubitare
783 993 899 1019 nemo
927 984 1069 1031 potest.
1126 979 1201 1021 Est
1226 979 1350 1030 igitur

150 1045 372 1093 ridiculum,
404 1045 511 1096 quod
541 1050 600 1084 est
629 1044 808 1093 dubium,
830 1044 872 1083 id
898 1044 1123 1095 relinquere
1141 1033 1347 1091 incertum,

152 1111 258 1163 quod
278 1111 428 1150 nemini
448 1110 615 1149 dubium
643 1114 776 1161 potest
794 1123 889 1157 esse,
910 1109 952 1148 id
971 1110 1156 1148 indicare.
1213 1109 1349 1160 Atque

151 1176 192 1215 id
213 1176 439 1215 decernitur
457 1175 638 1214 omnibus
667 1175 961 1226 postulantibus
981 1162 1213 1222 candidatis,
1235 1178 1282 1212 ut
1300 1187 1351 1214 ex
1418 1194 1420 1197 f

152 1246 311 1280 senatus
345 1240 526 1279 consulto
558 1253 687 1291 neque
719 1240 830 1278 cuius
859 1239 1019 1279 intersit
1050 1253 1179 1290 neque
1213 1243 1350 1278 contra

152 1319 270 1358 quem
299 1306 350 1344 sit
378 1305 556 1357 intellegi
582 1305 717 1356 possit.
776 1305 906 1353 Quare
935 1304 1030 1344 doce
1060 1318 1083 1343 a
1111 1303 1154 1342 L.
1180 1303 1351 1343 Murena

151 1371 220 1410 illa
252 1384 335 1410 esse
368 1370 599 1418 commissa3
638 1374 726 1408 tum
760 1373 916 1421 egomet
949 1369 1024 1408 tibi
1053 1374 1190 1408 contra
1221 1367 1346 1420 legem

105 1480 117 1487 ,⁷
151 1436 358 1475 commissa
387 1449 470 1475 esse
499 1435 721 1474 concedam.

115 1496 117 1499 ·
152 1491 158 1496 ’
206 1500 404 1540 XXXIII.
438 1500 583 1539 ‘Multi
613 1500 771 1539 obviam
802 1498 1037 1550 prodierunt
1066 1498 1116 1537 de
1146 1497 1349 1550 provincia

151 1565 382 1604 decedenti)
456 1564 716 1603 Consulatum
759 1564 912 1615 petenti
949 1563 1050 1603 solet
1088 1563 1195 1612 fieri3
1242 1563 1350 1603 eccui

151 1636 286 1669 autem
323 1643 403 1668 non
440 1629 626 1681 proditur
665 1628 911 1667 revertenti?
987 1627 1121 1676 ‘Quae
1157 1627 1237 1667 fuit
1271 1628 1348 1668 ista

152 1693 418 1733 multitudo‘l'
474 1694 665 1742 Primum,
701 1694 735 1731 si
767 1693 841 1731 tibi
879 1692 997 1731 istam
1033 1692 1230 1731 rationem
1267 1706 1348 1732 non

152 1759 299 1810 possim
336 1758 512 1806 reddere,
551 1757 647 1808 quid
684 1757 805 1796 habet
843 1756 1116 1795 admirationis
1154 1756 1224 1796 tali
1262 1757 1348 1796 viro

153 1823 392 1870 advenienti,
441 1822 654 1861 candidato
701 1821 908 1869 consulari,
956 1821 1113 1860 obviam
1169 1821 1347 1872 prodisse

152 1887 323 1927 multos?
364 1886 470 1938 quod
507 1887 584 1925 nisi
622 1891 725 1925 esset
760 1886 920 1934 factum,
960 1885 1084 1936 magis
1121 1885 1347 1925 mirandum

83 1953 135 1995 69
153 1953 364 1992 videretur.
424 1951 529 2000 Quid
547 1953 560 1990 Ἰ
589 1951 621 1990 si
649 1951 771 1990 etiam
794 1950 894 1989 illud
914 1949 1068 1998 addam,
1092 1950 1199 2001 quod
1219 1965 1242 1991 a
1261 1964 1348 1991 con-

153 2017 362 2056 suetudine
395 2029 476 2055 non
509 2016 704 2064 abhorret,
740 2020 899 2067 rogatos
937 2028 1019 2054 esse
1057 2015 1216 2063 multos,
1251 2028 1347 2054 num

153 2088 222 2121 aut
255 2082 508 2121 criminosum
539 2085 600 2119 est
633 2085 702 2119 aut
733 2080 970 2126 mirandum,
1002 2093 1080 2131 qua
1112 2080 1154 2118 in
1187 2080 1349 2120 civitate

153 2147 279 2198 rogati
307 2147 533 2185 infimorum
560 2145 767 2185 hominum
795 2145 896 2184 filios
925 2158 1047 2196 prope
1076 2145 1125 2184 de
1153 2150 1270 2184 noete
1298 2157 1350 2199 eg

0 2257 17 2276 ἰ
75 2265 80 2273 ¹
153 2213 294 2251 ultima
322 2224 435 2262 saepe
464 2211 561 2249 urbe
591 2210 807 2261 deductum
833 2210 967 2249 venire
996 2209 1200 2258 soleamus,
1231 2209 1279 2262 in:
1302 2220 1403 2250 8⁸

0 2307 17 2312 ,,
140 2289 233 2334 Jxon
271 2288 354 2314 esse
391 2279 574 2332 gray-atos
611 2275 791 2328 homines
828 2273 986 2326 prodire
1020 2274 1118 2314 hora
1148 2274 1269 2314 tertia.
1304 2272 1348 2315 in

150 2335 152 2338 '
1447 2334 1458 2350 l
