1462 2398
169 165 191 202 8
534 164 636 202 PRO
664 164 705 203 L.
738 163 997 203 MURENA.

169 277 286 315 quam
315 265 458 303 vitiosa
495 270 599 312 sunt,
629 265 671 303 in
704 277 782 315 quo
811 265 938 315 ipsam
966 263 1163 302 luxuriam
1193 260 1362 314 reperire

168 343 248 368 non
285 335 408 380 potes,
442 329 484 367 in
523 342 568 367 eo
606 334 645 367 te
683 329 864 367 umbram
902 328 1080 367 luxuriae
1112 331 1361 379 reperturum

100 393 152 434 14
168 395 313 445 putas?
387 393 500 432 Nihil
546 393 670 444 igitur
714 394 755 432 in
793 393 916 432 vitam
962 393 1004 431 L.
1034 382 1238 432 ¹Murenae
1284 391 1363 431 dici

169 463 310 509 potest,
350 458 460 504 nihil,
499 458 672 509 inquam,
713 458 886 509 omnino,
923 457 1082 496 iudices.
1141 457 1205 496 Sic
1242 471 1264 496 a
1301 469 1363 495 me

169 523 304 562 consul
341 523 571 574 designatus
609 522 850 570 defenditur,
890 527 936 561 ut
974 523 1056 561 eius
1094 521 1204 561 nulla
1241 521 1361 568 fraus,

169 588 279 627 nulla
307 587 483 635 avaritia,
506 587 615 626 nulla
637 586 814 638 perfidia,
835 587 945 626 nulla
964 586 1188 634 crudelitas,
1209 586 1363 625 nullum

169 652 350 710 petulans
389 653 538 691 dictum
577 653 619 690 in
657 652 758 690 vita.
778 651 1011 703 proferatur.
1070 651 1177 690 Bene
1219 651 1365 711 habet3

170 710 286 756 iactff
305 723 397 756 sunt
430 717 690 756 fundamenta
722 716 972 756 defensiOnis.
1030 715 1221 768 Nondum
1259 716 1364 765 enim

170 781 316 830 nostris
364 781 557 830 laudibus,
607 781 751 833 quibus
796 786 887 820 utar
931 785 1080 832 postea,
1128 780 1198 820 sed
1243 794 1365 832 prope

170 846 418 885 inimicorum
448 846 692 886 confessione
711 844 841 903 &Q
861 846 1009 896 bonum
1029 850 1147 897 atque
1166 845 1365 896 integrum

170 911 370 950 hominem
412 911 673 950 defendimus.
695 914 706 943 ‘x
732 911 819 960 Quo
858 910 1078 949 constituto
1114 909 1266 949 facilior
1306 914 1367 949 est

170 975 268 1015 mihi
305 976 436 1015 aditus
474 976 524 1015 ad
562 976 858 1015 contentionem
890 975 1108 1028 dignitatis,
1143 988 1244 1026 quae
1276 987 1367 1026 pars

170 1040 294 1080 altera
323 1041 398 1080 fuit
427 1041 693 1081 accusationis,

102 1107 153 1148 15
224 1105 315 1144 VII.
363 1106 565 1144 Summam
607 1106 724 1144 video
767 1118 849 1144 esse
895 1105 936 1144 in
979 1110 1030 1155 te,
1076 1105 1157 1144 Ser.
1203 1103 1364 1156 Sulpici,

171 1170 408 1221 dignitatem
453 1171 618 1222 generis,
672 1170 925 1223 integritatis,
979 1169 1197 1208 industriae
1249 1174 1367 1209 ceter-

171 1248 361 1286 orumque
390 1241 714 1275 ornamentorum
742 1235 929 1282 omnium,
965 1235 1108 1285 quibus
1141 1234 1287 1274 fretum
1316 1233 1366 1273 ad

171 1299 396 1338 consulatus
428 1300 663 1351 petitionem
699 1298 863 1351 adgredi
899 1312 970 1350 par
1007 1304 1076 1338 est.
1134 1298 1251 1338 Paria
1278 1311 1367 1350 cog-

172 1377 288 1403 nosco
327 1378 409 1404 esse
438 1365 515 1404 ista
542 1364 582 1403 in
616 1364 659 1403 L.
699 1364 878 1412 Murena,
910 1369 1030 1415 atque
1067 1364 1124 1403 ita
1161 1363 1281 1416 paria,
1319 1369 1367 1403 ut

171 1442 298 1480 neque
335 1429 418 1480 ipse
455 1429 651 1480 dignitate
689 1443 713 1468 a
743 1432 774 1468 te
810 1429 915 1477 vinci
953 1429 1129 1480 potuerit
1165 1442 1294 1480 neque
1326 1433 1367 1468 te

172 1493 367 1545 dignitate
390 1495 595 1545 superarit.
645 1494 928 1544 Contempsisti
951 1493 994 1532 L.
1017 1493 1208 1533 Murenae
1229 1506 1364 1546 genus,

173 1558 352 1597 extulisti
374 1564 499 1598 tuum.
554 1559 640 1610 Quo
666 1558 751 1597 loco
778 1558 810 1596 si
837 1558 910 1596 tibi
938 1558 1012 1596 hoc
1039 1557 1171 1606 sumis,
1197 1557 1274 1596 nisi
1299 1557 1368 1609 qui

172 1623 360 1674 patricius
402 1624 465 1670 sit,
509 1624 707 1662 neminem
754 1623 857 1662 bono
899 1636 983 1673 esse
1025 1613 1169 1674 genere
1215 1626 1366 1669 natum,

172 1687 279 1736 facis,
309 1693 355 1726 ut
380 1701 513 1727 rursus
536 1688 669 1739 plebes
698 1688 738 1726 in
763 1687 1009 1726 Aventinum
1037 1686 1256 1726 sevocanda
1283 1699 1370 1726 esse

173 1752 363 1792 videatur.
434 1752 505 1791 Sin
557 1757 690 1791 autem
743 1756 838 1790 sunt
886 1751 1039 1802 amplae
1089 1756 1130 1790 et
1178 1751 1367 1790 honestae

172 1817 343 1860 familiae
382 1817 567 1868 plebeiae,
603 1822 643 1856 et
675 1829 844 1867 proavus
882 1816 924 1855 L.
954 1811 1155 1855 'Murenae
1193 1820 1234 1854 et
1271 1828 1368 1855 avus

173 1886 331 1933 praetor
352 1882 438 1930 fuit,
461 1886 500 1920 et
520 1887 643 1932 pater,
665 1894 755 1920 cum
775 1880 1014 1932 amplissime
1036 1885 1155 1932 atque
1179 1879 1368 1919 honestis-

173 1946 270 1988 sime
296 1960 354 1998 gig
377 1950 561 1997 praetura
589 1945 883 1996 triumphasset,
919 1945 992 1984 hoc
1026 1943 1243 1984 faciliorem
1275 1945 1367 1984 huic

172 2011 337 2064 gradum
367 2010 591 2050 consulatus
620 2009 863 2061 adipiscendi
891 2009 1062 2060 reliquit,
1092 2009 1199 2060 quod
1226 2009 1261 2048 is
1288 2010 1368 2048 iam

105 2078 157 2122 16
172 2076 278 2128 patri
306 2076 464 2115 debitus
493 2089 515 2114 a
543 2074 623 2113 filio
653 2075 870 2125 petebatur.
930 2073 1021 2121 Tua,
1043 2087 1137 2112 vero
1165 2074 1365 2123 nobilitas,

173 2141 254 2181 Ser.
291 2140 450 2191 Sulpici,
488 2140 644 2178 tametsi
684 2153 837 2178 summa
869 2143 938 2186 est,
973 2143 1108 2177 tamen
1140 2138 1368 2179 hominibus

172 2205 358 2244 litteratis
397 2209 438 2244 et
478 2204 674 2243 historicis
717 2209 776 2243 est
820 2203 1151 2255 notioss-populo
1190 2217 1286 2244 vero
1326 2207 1368 2243 et

173 2269 493 2321 suffragatoribus
531 2269 740 2308 obscurior.
798 2269 918 2308 Pater
948 2269 1052 2307 cuim
1085 2269 1167 2323 fuit
1193 2267 1370 2311 equestri
1391 2262 1402 2311 ζ
1422 2270 1462 2318 «.,-ᾕ;“
