1462 2398
0 2026 10 2040 Γ

143 136 193 173 38
507 134 611 174 PRO
638 135 680 173 L.
715 134 762 173 M
765 134 968 175 URENA.

142 234 276 273 valent
294 235 445 286 gratia;
467 235 543 285 ipsi
563 235 735 286 denique
753 220 806 291 uj:
818 234 947 274 solent
965 234 1085 286 loqui,
1108 247 1189 274 non
1208 234 1338 274 dicere

140 312 213 350 pro
243 300 370 348 nobis,
401 313 482 339 non
515 299 718 359 spoiglere,
754 313 835 339 non
863 313 1003 339 vocare
1035 300 1198 339 domum
1226 313 1338 339 suam

141 370 318 416 possunt.
375 365 509 416 Atque
542 365 637 404 haec
670 379 693 404 a
724 365 837 404 nobis
868 370 1013 415 petunt
1045 365 1178 404 omnia
1209 378 1338 416 neque

142 430 224 469 ulla
242 443 284 469 re
304 430 390 478 alia,
412 443 512 481 quae
531 444 554 469 a
572 431 686 469 nobis
706 434 1010 481 consequuntur,
1032 430 1110 469 nisi
1129 430 1202 469 hac
1220 443 1339 486 opera

142 508 212 534 sua
231 495 475 546 compensari
496 499 641 546 putant
659 508 782 546 posse.
842 495 983 546 Itaque
1012 500 1052 534 et
1080 495 1157 547 legi
1179 494 1331 542 Fabiae,

142 573 242 611 quae
271 565 330 599 est
359 560 408 599 de
437 573 600 599 numero
621 564 869 607 sectatorum,
895 565 936 599 et
964 563 1125 599 senatus
1145 559 1333 606 consulto,

142 624 249 675 quod
296 629 355 663 est
402 624 444 663 L.
486 624 652 664 Caesare
696 624 855 663 consule
892 624 1052 672 factum,
1092 624 1335 664 restiterunt.

143 689 264 728 Nulla
309 694 370 728 est
416 689 522 728 enim
568 702 705 740 poena,
746 702 848 740 quae
885 689 1010 740 possit
1047 683 1345 728 observantiam
1388 679 1411 697 ⁵

119 755 368 794 tenuiorum
401 754 450 793 ab
482 754 556 793 hoc
585 758 718 793 vetere
751 754 937 792 instituto
967 753 1181 792 officiorum
1212 752 1334 792 exclu·
1366 752 1371 758 “

72 815 126 858 72
142 819 246 859 dere.
265 803 333 874 (β
347 818 406 858 At
442 816 666 870 spectacula
704 823 798 857 sunt
834 818 1021 857 tributim
1063 818 1157 857 data
1203 822 1243 857 et
1289 817 1337 856 ad

141 883 352 935 prandium
372 883 492 940 vulgo
515 882 669 923 voeatis
724 884 810 922 Etsi
838 882 912 922 hoc
940 883 1089 922 factum
1118 897 1140 922 a
1170 883 1340 921 Murena

98 982 105 1000 4
142 949 314 997 omnino,
335 948 495 996 iudices,
517 962 597 987 non
618 954 688 997 est,
719 948 769 986 ab
798 947 881 987 eius
910 947 1044 987 amicis
1069 953 1204 987 autem
1231 961 1339 986 more

142 1019 182 1053 et
227 1013 345 1068 modo
392 1013 541 1052 factum
587 1018 659 1060 est,
707 1018 842 1052 tamen
889 1013 1116 1052 admonitus
1163 1026 1206 1052 re
1254 1012 1340 1063 ipsa

141 1078 336 1126 recordor,
385 1083 580 1130 quantum
627 1078 700 1116 hae
752 1078 1055 1128 conquestiones
1106 1077 1148 1116 in
1199 1075 1340 1116 senatu

142 1144 301 1184 habitae
331 1149 569 1195 punctorum
598 1143 722 1190 nobis,
755 1142 877 1190 Servi,
908 1141 1165 1181 detraxerint.
1224 1140 1339 1190 Quod

141 1210 248 1249 enim
277 1213 434 1260 tempus
464 1208 542 1247 fuit
569 1213 638 1247 aut
666 1212 802 1246 nostra
829 1212 899 1246 aut
926 1212 1084 1258 patrum
1113 1211 1339 1246 nostrorum

142 1274 343 1321 memoria,
365 1287 443 1325 quo
467 1273 572 1321 haec,
604 1273 688 1312 sive
717 1273 882 1311 ambitio
911 1277 972 1311 est
999 1272 1082 1311 sive
1110 1271 1336 1318 liberalitas,

142 1353 222 1379 non
255 1338 391 1387 fuerit,
423 1342 469 1377 ut
501 1338 610 1377 locus
643 1342 683 1376 et
715 1338 758 1376 in
789 1337 890 1376 circo
921 1342 962 1376 et
991 1337 1032 1375 in
1062 1337 1147 1375 foro
1177 1336 1339 1376 daretur

143 1403 276 1443 amicis
305 1407 345 1442 et
372 1402 618 1441 tribulibus?
674 1401 783 1440 Haeo
802 1401 983 1441 homines
1012 1401 1211 1440 tenuiores
1231 1414 1339 1452 prae-

141 1470 218 1508 mia
255 1467 504 1518 commodaque
541 1481 564 1506 a
601 1466 681 1505 suis
721 1466 935 1505 tribulibus
972 1471 1106 1506 vetere
1151 1466 1339 1505 instituto

142 1532 470 1584 adsequebantur.

70 1595 125 1638 73
195 1596 365 1636 XXXV.
413 1596 547 1643 Quodsi
591 1599 810 1634 accusatores
850 1594 1095 1633 criminantur
1138 1594 1339 1633 Murenam

137 1676 204 1713 per
229 1674 337 1701 suum
364 1661 606 1712 praefectum
635 1660 791 1698 fabrum
820 1659 940 1698 semel
968 1659 1099 1698 locum
1126 1658 1337 1698 tribulibus

141 1727 222 1766 suis
250 1725 415 1773 dedisse,
481 1724 544 1786 id
555 1728 734 1763 statuent
756 1723 798 1761 in
818 1723 923 1762 viros
951 1722 1168 1779 primarios,
1199 1723 1268 1774 qui
1295 1723 1338 1761 in

140 1791 242 1830 circo
279 1795 384 1830 totas
420 1787 462 1828 fia
492 1782 604 1827 ernas
642 1787 848 1826 tribulium
882 1800 999 1826 causa.
1031 1789 1338 1838 compararunt?

141 1856 250 1895 Haec
279 1855 411 1894 omnia
441 1858 690 1899 sectatorum,
723 1851 1047 1903 spectaculorum,
1079 1850 1336 1902 prandiorum

103 1953 125 1969 Ι,
140 1920 316 1975 crimina,
355 1918 614 1958 multitudine
654 1917 794 1962 invita,
832 1921 904 1963 tua
949 1916 1072 1955 nimia
1117 1915 1333 1968 diligentia,

136 1976 264 2032 Servi,
290 1984 453 2040 coll-ecta
481 1987 575 2022 sunt
589 1997 599 2030 3
627 1982 669 2019 in
697 1981 840 2032 quibus
869 1986 1003 2020 tamen
1032 1980 1202 2035 Murena
1229 1994 1333 2021 sena·

139 2055 206 2090 tus
225 2048 460 2089 auctoritate
479 2041 717 2086 defenditur.
776 2045 882 2094 Quid
902 2046 1032 2084 enim‘l
1059 2050 1220 2084 senatus
1238 2057 1336 2084 num

141 2104 298 2154 obriam
328 2113 487 2164 prodire
518 2112 665 2151 crimen
699 2113 842 2162 putat?
910 2110 1015 2158 Non,
1044 2109 1114 2148 sed
1141 2109 1332 2150 mercede.

142 2179 352 2220 Convince.
428 2177 537 2216 Num
575 2175 716 2215 sectari
753 2174 924 2214 multost
996 2173 1100 2221 Non,
1140 2174 1210 2214 sed
1246 2187 1335 2215 con-

142 2245 290 2283 ductos.
348 2242 465 2281 Doce.
524 2241 631 2279 Num
657 2240 786 2279 locum
805 2239 855 2278 ad
875 2239 1131 2290 spectandum
1152 2238 1246 2278 dare
1263 2242 1354 2279 aut·
