1462 2398
439 107 544 147 PRO
573 108 614 147 L.
646 108 698 147 M
704 108 908 147 URE'NA.
1224 110 1273 148 47

73 207 180 246 unde
211 220 300 246 cum
330 207 480 247 honore
512 208 734 256 decesseris,
769 208 908 248 eodem
937 222 1028 247 cum
1057 209 1276 260 ignominia

72 271 230 312 reverti.
287 272 353 311 An
373 285 414 312 se
434 273 476 311 in
492 273 731 312 contrariam
751 278 905 325 partem
925 278 1122 312 terrarum
1141 274 1272 323 abdet,

71 341 118 375 ut
163 336 295 376 Gallia
341 337 613 388 Transalpina,
654 351 772 389 quem
820 351 948 389 nuper
994 352 1148 378 summo
1185 352 1274 378 cum

71 401 237 453 imperio
264 401 525 442 libentissime
551 402 710 450 viderit,
737 403 906 442 eundem
933 403 1146 454 lugentem,
1175 418 1276 443 mae-

72 462 236 514 rentem,
258 466 437 510 exsulem
456 467 623 506 videat?
679 467 727 506 In
748 481 794 507 ea
821 481 938 519 porro
964 469 1169 519 provincia
1195 482 1273 519 quo

73 531 204 570 animo
238 531 279 571 O.
316 531 528 589 Murenam
565 532 727 571 fratrem
763 545 878 571 suum
910 532 1130 583 adspiciet'l
1197 533 1273 582 Qui

71 595 190 635 huiu's
223 596 346 645 dolor,
382 596 451 648 qui
483 596 589 635 illius
623 610 778 636 maeror
810 597 898 644 erit,
933 611 1033 648 quae
1066 597 1273 649 utriusque

71 660 317 714 lamentatio,
338 666 488 712 quanta
513 658 647 701 autem
672 662 919 713 perturbatio
944 663 1128 701 fortunae
1153 667 1273 714 atque

71 725 275 774 sermonis,
315 740 416 774 cum,
455 727 601 778 quibus
634 727 676 765 in
710 726 805 765 locis
838 726 972 778 paucis
1005 732 1099 766 ante
1132 726 1272 766 diebus

71 779 238 830 factumx
260 804 343 830 esse
382 791 582 830 consulem
619 792 830 831 Murenam
868 792 1000 830 nuntii
1037 791 1272 843 litteraeque

73 848 308 894 celebrarint
337 852 510 895 etunde
539 856 716 907 hospites
742 861 861 907 atque
887 856 1003 894 amici
1028 856 1271 908 gratulatum

73 912 255 959 Romani·
282 921 563 969 concurrerint,
604 926 766 972 repente
805 921 951 960 existet
987 921 1071 972 ipse
1108 922 1272 960 nuntius

73 997 165 1023 suae
208 983 473 1024 calamitatis!
549 985 657 1034 Quae
704 986 738 1024 si
785 985 936 1034 acerba,
975 986 1008 1024 si
1045 986 1198 1033 misera,
1239 987 1271 1025 si
1289 984 1342 1026 90

72 1049 252 1089 luctuosa
298 1055 401 1098 sunt,
451 1051 485 1089 si
530 1051 770 1090 alienissima
816 1064 839 1090 a
885 1051 1188 1090 mansuetudine
1231 1057 1271 1090 et

71 1115 342 1154 misericordia
378 1120 523 1167 vestra,
559 1115 721 1163 iudices,
756 1121 985 1155 conservate
1022 1117 1159 1167 populi
1195 1117 1272 1156 Ro-

72 1179 178 1218 mani
206 1180 453 1227 beneficium,
478 1179 632 1219 reddite
658 1180 715 1219 rei
740 1180 919 1232 publicae
945 1181 1155 1230 consulem,
1177 1181 1270 1221 date

71 1243 144 1283 hoc
172 1244 296 1295 ipsius
324 1244 478 1295 pudori,
508 1244 600 1283 date
629 1245 734 1296 patri
762 1250 930 1293 mortuo,
952 1245 1044 1284 date
1069 1247 1205 1297 generi
1231 1251 1272 1286 et

70 1307 255 1357 familiae,
296 1308 389 1348 date
437 1309 558 1348 etiam
595 1309 787 1358 Lanuvio,
826 1310 1043 1361 municipio
1080 1310 1272 1351 honestis-

71 1373 181 1420 simo,
213 1373 321 1424 quod
348 1374 390 1412 in
419 1374 492 1413 hac
520 1379 606 1413 tota
635 1388 751 1413 causa
779 1375 965 1426 frequens
998 1381 1270 1427 maestumque

72 1437 239 1476 vidistis.
309 1438 446 1478 Nolite
479 1453 502 1477 a
534 1439 652 1477 sacris
690 1439 830 1490 patriis
873 1440 1038 1479 Iunonis
1077 1440 1270 1492 Sospitae,

72 1502 135 1540 cui
169 1515 305 1542 omnes
338 1503 518 1542 consules
552 1503 678 1542 facere
712 1517 871 1543 necesse
904 1509 974 1552 est,
1010 1505 1270 1545 domesticum

73 1571 114 1604 et
144 1579 257 1605 suum
292 1567 492 1615 consulem
522 1568 775 1618 potissimum
805 1568 983 1608 avellere.
1042 1569 1168 1618 Quem
1198 1583 1271 1622 ego

74 1630 198 1678 vobis,
228 1631 262 1669 si
289 1631 387 1682 quid
415 1632 537 1671 habet
565 1637 633 1671 aut
662 1633 852 1672 momenti
884 1634 1172 1674 commendatio
1202 1641 1272 1674 aut

74 1695 321 1734 auctoritatis
340 1697 585 1736 confirmatio
604 1710 702 1745 mea,
720 1698 856 1737 consul
875 1698 1088 1747 consulem,
1109 1699 1270 1749 iudices,

73 1759 131 1798 ita
158 1760 402 1810 commendo,
433 1766 478 1800 ut
506 1762 805 1813 cupidissimum
835 1763 918 1810 otii,
940 1763 1272 1804 studiosissimum

74 1824 280 1872 bonorum,
309 1826 542 1865 acerrimum
572 1832 709 1866 contra
737 1827 983 1877 seditionem,
1011 1829 1271 1868 fortissimum

75 1888 118 1927 in
142 1888 257 1936 bello,
281 1889 596 1930 inimicissimum
626 1891 717 1931 huic
745 1892 1019 1939 coniurationi,
1042 1907 1142 1944 quae
1167 1908 1271 1934 nunc

76 1965 159 1991 rem
185 1953 383 2004 publicam
411 1955 634 2003 labefactat,
655 1956 835 1995 futurum
864 1970 947 1996 esse
975 1958 1206 2008 promittam
1232 1963 1273 1999 et

76 2017 302 2068 spondeam.

660 2109 679 2131 F
