1462 2398
465 134 569 173 PRO
597 135 639 173 L.
672 134 720 172 M
728 132 932 172 URENA.
1248 133 1292 169 21

103 242 173 283 est,
213 241 258 275 ut
295 249 385 275 casu
423 235 597 274 excitata
634 247 718 282 esse
760 233 951 272 videatur.
1024 230 1178 271 XVIII.
1220 230 1297 269 Sed
1317 224 1369 267 37

103 306 247 348 tamen,
278 300 310 339 si
339 304 399 338 est
430 298 634 338 reddenda
666 299 780 346 ratio,
810 298 911 336 duae
950 310 1011 336 res
1045 296 1300 336 vehementer

103 357 366 416 inffaetura
402 363 647 403 desideratae
685 363 792 417 sunt,
826 366 928 413 quae
967 362 1105 400 ambae
1119 350 1180 399 *in
1213 374 1300 400 con-

105 429 236 485 sulatu
261 424 431 468 multum
460 429 651 467 Murenae
676 423 922 478 profuerunt,
949 439 1029 465 una
1056 425 1299 476 exspectatio

51 544 54 548 ,
105 494 288 542 muneris,
347 493 445 545 quae
500 498 541 532 et
596 505 754 531 rumore
810 490 1004 530 nonnullo
1059 495 1099 529 et
1156 489 1299 540 studiis

105 558 428 609 sermonibusque
461 557 765 608 competitorum
799 562 987 604 creverat,
1025 555 1159 601 altera,
1195 554 1300 605 quod

105 623 144 671 ii,
180 637 277 678 quos
309 623 351 661 in
381 623 584 674 provincia
611 634 662 669 aq
683 621 880 673 legatione
909 621 1037 660 omnis
1066 625 1107 659 et
1134 619 1302 658 liberali-

106 687 201 727 tatis
248 693 289 727 et
338 687 501 726 virtutis
551 700 643 726 suae
696 691 816 725 testes
867 686 1071 730 habuerat,
1123 684 1300 723 nondum

105 751 363 791 decesserant.
422 751 578 791 Horum
615 755 829 802 utrumque
867 750 903 789 ei
940 750 1099 789 fortuna
1131 749 1182 788 ad
1215 762 1303 788 con-

107 817 257 855 sulatus
295 817 530 868 petitionem
566 815 794 855 reservavit.
852 815 958 853 Nam
991 819 1032 853 et
1068 814 1111 853 L.
1147 813 1302 852 Luculli

109 881 313 926 exercitus,
367 881 436 931 qui
486 880 537 919 ad
593 879 841 931 triumphum
893 883 1144 927 convenerat,
1197 878 1303 917 idem

108 944 277 984 comitiis
315 945 356 983 L.
397 945 589 984 Murenae
630 949 787 995 praesto
829 944 917 991 fuit,
958 948 999 982 et
1041 956 1185 982 munus
1226 956 1305 982 am-

108 1009 341 1060 plissimum,
369 1009 477 1060 quod
505 1008 647 1059 petitio
675 997 884 1059 praeturae
914 1003 1169 1061 desiderarat,
1196 1020 1305 1058 prae-

109 1078 200 1113 tura
244 1073 431 1112 restituit.
517 1070 626 1112 Num
677 1073 752 1112 tibi
803 1072 898 1112 haec
949 1085 1072 1123 parva
1117 1071 1305 1111 videntur
1321 1069 1374 1121 38

110 1137 337 1178 adiumenta
374 1143 414 1177 et
452 1137 629 1176 subsidia
667 1137 922 1176 consulatus?
976 1127 1174 1190 Voluntas
1207 1136 1306 1175 mili-

109 1204 226 1242 tum?
272 1215 372 1254 quae
414 1215 503 1255 cuni
550 1215 620 1253 pe‘t¹
663 1215 703 1251 se
749 1200 856 1241 valet
901 1200 1170 1250 multitudine,
1215 1214 1301 1249 (ιιι-η]

109 1259 214 1318 apud
247 1280 337 1306 suos
370 1267 508 1318 gratia,
545 1271 631 1305 tum
665 1279 758 1305 vero
791 1266 832 1304 in
871 1265 1030 1305 consule
1068 1263 1304 1305 declarando
1325 1279 1333 1323 ⁸.

110 1321 280 1371 mu‘ltum
309 1331 427 1370 etiam
459 1331 563 1382 apud
597 1331 827 1369 universum
859 1330 1053 1381 populum
1081 1330 1304 1369 Romanum

109 1395 356 1435 auctoritatis
388 1395 510 1434 habet
542 1395 772 1445 suffragatio
802 1394 1009 1442 militaris;
1047 1395 1306 1445 imperatores

110 1460 217 1500 enim
239 1460 408 1499 comitiis
429 1459 711 1507 consularibus,
734 1472 814 1498 non
833 1459 1044 1498 verborum
1067 1459 1305 1511 interpretes

111 1524 352 1576 deliguntur.
428 1524 557 1573 Quare
606 1523 738 1575 gravis
785 1528 845 1562 est
891 1523 959 1562 illa
1005 1524 1158 1564 oratio:
1212 1524 1304 1564 ‘Me

111 1586 285 1635 saucium
325 1585 528 1634 recreavit,
569 1599 631 1624 me
678 1585 824 1636 praeda
861 1584 1026 1624 donavit
1039 1601 1050 1634 3
1096 1586 1169 1625 hoc
1207 1586 1305 1626 duce

111 1656 239 1690 castra
279 1650 463 1702 cepimus,
504 1650 616 1702 signa
657 1649 920 1699 contulimus3
967 1663 1183 1702 numquam
1229 1651 1305 1691 iste

110 1715 199 1767 plus
226 1714 345 1754 militi
372 1715 518 1754 laboris
545 1714 735 1766 imposuit
763 1728 882 1765 quam
911 1715 987 1754 sibi
1013 1716 1183 1766 sumpsit
1208 1716 1303 1767 ipse,

111 1794 199 1820 cum
224 1779 338 1819 fortis
363 1784 449 1818 tum
477 1779 598 1819 etiam
623 1779 742 1818 felix.'
800 1779 886 1818 Hoc
913 1780 1052 1830 quanti
1078 1786 1196 1831 putas
1221 1794 1281 1820 ess

111 1845 161 1884 ad
197 1845 342 1905 famam
383 1844 591 1884 hominum
628 1857 671 1882 ac
710 1843 988 1883 voluntatem?
1061 1845 1233 1891 Etenim,
1273 1860 1324 1892 sl„

111 1906 224 1948 tanta
263 1908 343 1948 illis
383 1908 553 1948 comitiis
594 1908 732 1959 religio
776 1913 846 1956 est,
891 1914 935 1946 ut
977 1908 1106 1948 adhuc
1151 1896 1330 1963 semper}

113 1985 227 2030 omen
267 1973 436 2013 valuerit
475 1973 784 2024 praerogativae,
824 1972 921 2023 quid
969 1973 1111 2012 mirum
1157 1979 1218 2013 est
1239 1964 1247 1975 ‘
1263 1966 1335 2014 in*-

111 2036 186 2076 hoc
213 2037 413 2076 felicitatis
442 2037 587 2076 famam
618 2050 916 2088 sermonemque
947 2038 1140 2078 valuisse'l

166 2101 277 2141 XIX.
309 2101 388 2141 Sed
442 2102 475 2141 si
529 2102 624 2141 haec
680 2102 828 2140 leviora
883 2102 1003 2150 ducis,
1057 2116 1157 2154 quae
1213 2049 1350 2143 surm

112 2166 355 2219 gravissima,
383 2171 423 2206 et
445 2166 547 2206 hanc
572 2166 763 2205 urbanam
791 2167 1112 2218 suffragationem
1142 2169 1307 2209 militari

115 2226 333 2282 antep0nis,
359 2231 439 2270 noli
465 2231 649 2270 ludorum
676 2230 792 2269 huius
819 2231 1055 2282 elegantiam
1083 2237 1122 2270 et
1145 2245 1305 2272 scaenae
