1462 2398
146 137 196 173 44
509 136 614 175 PRO
642 135 683 175 L.
715 136 969 175 MURENA.

144 235 309 274 scientia
338 235 387 274 ad
417 236 564 275 bellum
592 236 818 288 gerendum,
841 237 972 275 animo
998 242 1039 275 et
1063 250 1137 276 usu
1162 236 1213 276 ad
1233 236 1338 288 quod

144 300 240 339 velis
262 301 476 352 negotium.

199 365 393 404 XXXIX.
425 365 674 416 Quamquam
693 365 856 404 huiusce
878 366 935 405 rei
955 370 1131 416 potestas
1151 366 1278 405 omnis
1298 365 1340 404 in

143 430 256 469 vobis
285 431 361 469 sita
393 436 463 478 est,
493 431 642 469 iudices
658 445 668 479 3
701 435 827 470 totam
855 444 939 470 rem
968 431 1167 482 publicam
1195 444 1266 470 vos
1298 430 1340 470 in

144 495 216 534 hac
236 508 352 533 causa
372 495 526 543 tenetis,
548 509 619 534 vos
637 495 878 547 gubernatis.
931 495 974 534 Si
994 495 1037 534 L.
1060 495 1233 535 Catilina
1252 508 1341 535 cum

145 573 215 599 suo
235 559 398 598 consilio
418 560 658 599 nefariorum
678 560 896 608 hominum,
917 573 1016 611 quos
1035 573 1168 599 secum
1187 560 1339 609 eduxit,

145 624 216 663 hac
243 624 291 663 de
317 638 359 664 re
386 629 518 675 posset
543 625 728 672 iudicare,
750 625 1032 664 condemnaret
1050 625 1094 664 L.
1116 625 1339 674 Murenam,
1419 673 1425 681 ἱ

146 689 177 727 si
197 689 417 728 interficere
437 694 583 740 posset,
605 689 813 729 occideret.
870 689 1022 728 Petunt
1041 690 1148 729 enim
1166 690 1342 748 rati-ones
1360 678 1462 743 pff*

143 754 262 802 illius,
297 759 341 792 ut
378 755 541 794 orbetur
577 754 725 794 auxilio
762 767 824 794 res
855 754 1023 805 publica,
1061 760 1107 794 ut
1139 755 1342 794 minuatur
1372 744 1374 753 ¹

145 823 283 873 contra
315 832 429 857 suum
461 819 635 858 furorem
667 820 950 870 imperatorum
983 819 1105 872 copia,
1139 824 1186 858 ut
1217 819 1343 858 maior

145 883 310 922 facultas
357 884 527 923 tribunis
574 883 700 935 plebis
746 883 864 923 detur
909 883 1073 935 depulso
1119 884 1343 924 adversario

146 948 352 987 seditionis
379 961 424 987 ac
453 948 672 987 discordiae
703 948 970 988 concitandae.
1028 948 1194 988 Idemne
1220 949 1344 1000 igitur

146 1012 289 1052 delecti
319 1026 368 1052 ex
398 1013 650 1064 amplissimis
684 1013 891 1052 ordinibus
924 1013 1194 1053 honestissimi
1224 1018 1344 1065 atque

147 1077 428 1128 sapientissimi
463 1078 538 1117 viri
570 1078 815 1125 iudicabunt,
851 1078 958 1129 quod
989 1077 1056 1117 ille
1089 1078 1344 1130 importunis-

77 1136 129 1177 84
146 1142 268 1181 simus
287 1142 495 1194 gladiator,
515 1142 641 1182 hostis
661 1143 719 1181 rei
744 1142 936 1193 publicae,
957 1143 1153 1182 iudicaret
1170 1145 1184 1182 ’.ἱ
1238 1143 1343 1182 Mihi

146 1207 305 1255 credite,
337 1207 499 1254 iudices,
530 1208 571 1246 in
600 1207 673 1246 hac
701 1221 819 1246 causa
846 1221 924 1246 non
954 1207 1082 1246 solum
1111 1208 1161 1246 de
1189 1207 1232 1247 L.
1255 1207 1344 1247 Mu-

146 1285 274 1320 renae,
322 1285 462 1311 verum
509 1272 632 1334 etiam
675 1272 724 1311 de
762 1277 894 1311 vestra
931 1272 1058 1311 salute
1104 1273 1340 1311 sententiam

146 1337 292 1376 feretis.
378 1337 426 1376 In
469 1322 681 1376 discrimen
727 1343 951 1376 extremum
988 1338 1196 1376 venimus·
1185 1368 1196 1386 ‚
1242 1337 1343 1376 nihil

147 1406 207 1440 est
240 1402 328 1450 iam,
365 1401 470 1441 unde
503 1416 574 1440 nos
611 1402 830 1441 reficiamus
868 1407 938 1441 aut
974 1402 1044 1441 ubi
1081 1402 1182 1453 lapsi
1214 1403 1344 1442 resist-

147 1479 268 1505 amus.
328 1467 421 1506 Non
445 1467 574 1506 solum
598 1467 816 1506 minuenda
840 1480 919 1506 non
944 1471 1039 1506 sunt
1063 1467 1222 1515 auxilia,
1244 1480 1344 1518 quae

147 1531 347 1579 habemus,
370 1531 439 1570 sed
465 1532 585 1571 etiam
608 1545 723 1578 nova,
744 1532 776 1570 si
802 1532 887 1570 fieri
912 1532 1047 1582 possit,
1070 1531 1341 1582 comparanda.

149 1596 288 1634 Hostis
334 1600 395 1634 est
439 1597 545 1635 enim
582 1609 663 1635 non
699 1595 806 1647 apud
842 1596 1049 1644 Anienem,
1089 1596 1196 1648 quod
1241 1596 1344 1636 bello

148 1660 299 1699 Punico
326 1660 603 1711 gravissimum
632 1660 763 1699 visum
791 1666 860 1709 est,
890 1660 960 1699 sed
985 1661 1027 1699 in
1052 1661 1159 1709 urbe,
1189 1660 1230 1699 in
1258 1661 1344 1700 foro

150 1725 207 1774 (di
238 1725 508 1764 immortales!
547 1725 631 1764 sine
661 1725 814 1776 gemitu
843 1725 916 1764 hoc
947 1725 1026 1764 dici
1056 1739 1137 1764 non
1167 1728 1316 1776 potest)
1333 1740 1345 1774 ;

148 1803 346 1829 nonnemo
370 1790 491 1828 etiam
516 1789 558 1828 in
586 1789 656 1828 illo
682 1790 850 1828 sacrario
875 1789 932 1828 rei
958 1790 1150 1841 publicae,
1175 1790 1218 1828 in
1245 1789 1342 1841 ipsa,

148 1855 323 1905 inquam,
357 1854 466 1893 curia
498 1867 695 1893 nonnemo
733 1854 858 1893 hostis
891 1859 962 1893 est.
1037 1854 1091 1893 Di
1123 1854 1265 1908 fagint,
1300 1860 1346 1893 ut

149 1933 258 1958 meus
287 1919 445 1970 collega,
467 1919 529 1957 vir
555 1919 805 1966 fortissimus,
827 1919 901 1958 hoc
927 1918 1123 1958 Catilinae
1150 1919 1346 1958 nefarium

149 1976 401 2023 latrocinium
434 1989 608 2023 armatus
647 1984 873 2035 opprimat!
919 1997 991 2034 ego
1028 1987 1199 2035 togatuS,
1233 1983 1346 2024 vobis

72 2096 75 2098 μ
119 2049 340 2104 ὶῦοηίεᾳιιθ
370 2049 552 2088 omnibus
581 2048 840 2096 adiutoribus,
868 2048 953 2095 hoc,
979 2047 1085 2098 quod
1113 2053 1348 2100 conceptum

149 2127 210 2152 res
247 2113 406 2164 publica
442 2113 662 2164 periculum
699 2112 885 2164 parturit,
925 2112 1089 2151 consilio
1135 2112 1347 2152 discutiam

80 2179 132 2221 85
150 2183 190 2216 et
209 2178 475 2229 comprimam.
535 2178 613 2216 Sed
639 2178 735 2229 quid
759 2177 921 2216 tandem
945 2177 1024 2226 fiet,
1047 2177 1080 2216 si
1099 2177 1195 2216 haec
1214 2177 1348 2229 elapsa

150 2242 198 2281 de
223 2242 404 2282 manibus
434 2242 578 2281 nostris
606 2242 649 2281 in
677 2255 767 2281 eum
795 2243 955 2291 annum,
981 2242 1051 2293 qui
1079 2243 1343 2294 consequitur,
