1462 2398
170 122 219 158 30
534 123 638 162 PRO
666 124 707 163 L.
739 125 993 164 MURENA.

168 234 244 272 que
291 220 407 262 huius
463 228 650 262 eventum
706 225 984 276 fortunamque
1039 226 1242 277 miserari3
1295 229 1363 279 qui

167 287 349 337 primum,
385 286 480 326 dum
515 302 564 326 ex
596 289 812 330 honoribus
846 291 1044 330 continuis
1082 291 1253 336 familiae
1286 305 1364 331 ma-

166 351 373 403 iorumque
399 366 560 392 suorum
587 367 785 395 summum
812 355 1021 396 ascendere
1046 357 1213 408 gradum
1238 357 1364 410 digni,-

167 417 262 455 tatis
294 422 468 465 conatur,
502 418 613 457 venit
644 419 687 458 in
719 419 950 470 periculum,
981 434 1030 460 ne
1064 427 1104 460 et
1134 435 1189 471 ea,
1225 435 1302 473 que
1330 423 1363 466 ei.

166 481 313 530 relicta,
349 487 389 520 et
422 482 528 531 haec,
564 496 665 534 quae
698 484 748 523 ab
785 484 870 536 ipso
904 490 1018 536 palja
1051 492 1154 533 sunt,
1189 478 1383 535 amittat,‘v
1412 485 1415 487 ’

167 545 309 584 deinde
336 552 498 598 propter
524 548 699 588 studium
724 562 850 588 novae
869 549 996 589 laudis
1017 550 1136 590 etiam
1155 550 1196 590 in
1217 551 1361 590 veteris
1445 570 1454 600 ς,

96 602 147 643 56
165 610 346 649 fortunae
367 611 578 651 discrimen
597 612 816 653 adducitur.
877 613 986 663 Quae
1002 628 1090 654 cum
1106 621 1199 655 sunt
1213 604 1429 674 graviasffff
1442 605 1454 649 ’ἶ

166 674 323 723 iudices,
347 680 432 718 tum
460 675 559 715 illud
588 677 883 717 acerbissimum
912 683 983 726 est,
1011 678 1118 730 quod
1145 679 1267 719 habet
1294 693 1361 720 eos

165 744 420 786 accusatores,
459 754 538 779 non
578 741 646 792 qui
684 741 775 782 odio
812 736 1108 782 inimicitiarum
1146 744 1197 783 ad
1233 758 1361 784 accus-

165 804 323 852 andum,
365 804 441 848 ‚sed
487 806 554 857 qui
602 806 736 845 studio
783 808 990 847 accusandi
1037 808 1088 848 ad
1132 808 1360 848 inimicitias

165 868 451 908 descenderint.
510 870 614 909 Nam
640 876 686 909 ut
711 871 895 911 omittam
924 873 1107 912 Servium
1127 873 1356 925 Sulpicium,

164 946 281 984 quem
309 933 497 986 intellego
526 949 605 974 non
634 936 780 975 iniuria
807 937 851 976 L.
873 937 1076 985 Murenae,
1101 937 1171 977 sed
1198 938 1358 984 honoris

164 998 418 1038 contentione
447 1006 685 1050 permotum,
716 1006 872 1041 accusat
905 1007 1092 1053 paternus
1124 1003 1282 1052 amicus,
1318 1004 1356 1043 0.

165 1063 388 1112 Postumus,
414 1070 540 1112 vetus,
572 1071 617 1104 ut
644 1065 701 1104 ait
729 1067 824 1119 ipse,
850 1067 1004 1106 vicinus
1032 1081 1076 1106 ac
1103 1068 1356 1117 necessarius,

163 1128 230 1177 qui
259 1129 561 1168 necessitudinis
594 1144 729 1180 causas
763 1131 982 1182 complures
1015 1132 1194 1183 protulit,
1228 1133 1359 1172 simul-

163 1193 256 1232 tatis
275 1193 425 1232 nullam
445 1208 750 1234 commemorare
769 1197 901 1247 potuit
917 1211 926 1244 3
956 1203 1111 1236 accusat
1131 1197 1211 1237 Ser.
1231 1197 1358 1249 Sulpi-

162 1257 255 1306 cius,
304 1257 451 1297 sodalis
497 1259 611 1307 filius,
660 1260 768 1321 cuius
815 1261 973 1312 ingenio
1021 1262 1175 1313 paterni
1221 1276 1356 1302 omnes

162 1323 370 1362 necessarii
417 1324 649 1363 munitiores
696 1338 779 1364 esse
827 1325 1025 1365 debebant
1041 1342 1051 1375 ;
1098 1333 1254 1366 accusat
1298 1327 1354 1367 M.

163 1388 272 1437 Cato,
303 1388 373 1439 qui
402 1402 490 1427 cum
519 1403 541 1428 a
570 1389 739 1428 Murena
766 1389 877 1429 nulla
909 1404 951 1430 re
985 1404 1173 1442 umquam
1205 1391 1356 1431 alienus

161 1453 248 1501 fuit,
288 1459 374 1492 tum
408 1467 466 1503 -ea
511 1454 741 1494 condicione
788 1455 902 1494 nobis
941 1455 1151 1495 videbatur
1195 1457 1238 1496 in
1282 1457 1355 1496 hac

161 1518 321 1557 civitate
358 1524 486 1566 natm,
522 1525 567 1564 ut
601 1520 683 1558 eius
716 1534 809 1572 opes
843 1525 883 1559 et
917 1521 1121 1572 ingenium
1158 1522 1355 1573 praesidio

160 1583 296 1622 multis
324 1585 444 1623 etiam
471 1584 731 1633 alienissimis,
753 1586 876 1624 exitio
896 1586 965 1624 vix
985 1586 1167 1638 cuiquam
1194 1586 1355 1629 inimico

90 1645 142 1687 57
159 1661 243 1687 esse
273 1648 444 1687 deberet.
504 1649 767 1700 Respondebo
795 1650 919 1701 igitur
947 1650 1138 1690 Postumo
1168 1651 1352 1702 primum,

159 1713 227 1763 qui
253 1713 383 1752 nescio
410 1726 487 1764 quo
513 1719 627 1764 pacto
653 1714 752 1752 mihi
772 1714 931 1753 videtur
956 1714 1176 1766 praetorius
1195 1715 1354 1757 candid-

158 1781 246 1816 atus
266 1777 308 1815 in
328 1777 572 1816 consularem
599 1779 710 1829 quasi
737 1778 977 1818 desultorius
1003 1780 1044 1818 in
1070 1779 1353 1832 quadrigarum
1403 1810 1407 1812 -

158 1842 396 1881 curriculum
434 1843 643 1882 incurrere.
715 1843 837 1883 Cuius
875 1844 1154 1895 competitores
1185 1844 1219 1884 si
1251 1845 1352 1885 nihil

159 1907 422 1958 deliquerunt,
458 1907 647 1959 dignitati
680 1922 815 1947 eorum
852 1909 1055 1955 concessit,
1092 1922 1180 1948 cum
1217 1914 1368 1962 petere>

157 1971 314 2010 destitit
330 1988 340 2022 3
380 1973 440 2011 sin
474 1978 608 2012 autem
643 1987 776 2012 eorum
809 1973 951 2025 aliquis
981 1973 1148 2026 largitus
1182 1980 1252 2024 est,
1287 1979 1357 2016 01ss

156 2036 350 2087 petendus
388 2037 535 2076 amicus
573 2044 642 2086 est,
683 2038 750 2089 qui
789 2038 958 2078 alienam
994 2039 1127 2090 potius
1165 2040 1350 2082 iniuriam

156 2114 274 2152 quam
302 2115 414 2141 suam
442 2107 709 2153 persequatur.
1407 2143 1417 2157 ‚x
1446 2134 1450 2137 -

209 2165 274 2204 DE
293 2166 487 2205 POSTUMI
507 2177 772 2206 0R1MIN113us
827 2166 894 2206 DE
914 2167 1062 2206 Sssnvn
1083 2177 1349 2210 ADULEsan-
1415 2167 1459 2225 5⁴2,

156 2239 232 2269 Tls.
