1462 2398
151 146 199 182 10
514 147 618 186 PRO
646 147 686 186 L.
719 148 979 187 MURENA.

148 244 256 283 cuius
303 250 362 283 est
404 259 547 297 magna
592 247 632 285 in
680 252 848 299 utroque
895 248 1093 300 dignitas3
1139 249 1343 289 videamus

147 314 286 348 cetera.

202 374 487 422 ‘Quaesturam
513 390 592 415 una
621 377 747 428 petiit,
774 383 814 416 et
843 392 929 417 sum
959 393 1030 430 ego
1059 379 1184 418 factus
1212 379 1343 430 prior!

147 437 239 476 Non
279 445 339 477 est
380 440 700 490 respondendum
746 441 797 480 ad
844 443 984 482 onmia.
1057 443 1198 494 Neque
1237 443 1343 483 enim

146 509 322 542 vestrum
351 517 589 555 quemquam
617 505 730 557 fugit,
755 519 845 546 cum
870 507 987 546 multi
1014 521 1126 558 pares
1149 507 1343 559 dignitate

146 567 252 614 fiant,
294 581 397 607 unus
436 574 570 608 autem
611 570 784 620 primum
824 571 939 610 locum
978 572 1084 611 solus
1120 572 1247 623 possit
1279 572 1343 611 ob-

146 631 281 679 tinere,
331 646 409 671 non
466 633 636 673 eundem
684 648 766 674 esse
822 636 1001 675 ordinem
1049 637 1256 688 dignitatis
1303 642 1343 676 et

146 696 463 746 renuntiationis,
508 703 718 749 propterea
759 700 866 751 quod
908 701 1153 741 renuntiatio
1195 701 1342 758 gradus

145 761 298 810 habeat,
330 762 504 813 dignitas
533 769 665 803 autem
695 765 747 803 sit
774 778 961 816 persaepe
986 766 1125 805 eadem
1153 766 1339 805 omnium.

146 825 224 864 Sed
244 831 457 876 quaestura
479 828 687 879 utriusque
716 830 1005 880 propemodum
1030 832 1116 882 pari
1141 835 1342 870 momento

145 891 262 938 sortis
316 892 402 930 fuit.
482 892 635 932 Habuit
685 893 749 932 hic
800 894 886 946 lege
942 895 1049 934 Titia
1099 895 1343 946 provinciam

143 955 304 994 tacitam
333 961 372 994 et
405 957 591 1007 quietam,
631 963 675 996 tu
711 957 832 1007 illam,
874 959 947 1006 cui,
988 973 1076 998 cum
1116 963 1343 1010 quaestores

143 1020 373 1068 sortiuntur,
416 1021 536 1060 etiam
578 1022 791 1061 adclamari
830 1023 942 1070 solet,
986 1023 1222 1072 Ostiensem,
1263 1037 1342 1063 non

144 1089 226 1123 tam
272 1085 485 1135 gratiosam
529 1091 569 1125 et
614 1086 808 1126 illustrem
856 1101 974 1139 quam
1016 1088 1261 1140 negotiosam
1303 1093 1343 1128 et

143 1149 358 1188 molestam.
419 1149 610 1189 Consedit
639 1152 845 1203 utriusque
868 1166 1011 1192 nomen
1042 1153 1083 1192 in
1107 1157 1342 1210 quaestura;

143 1213 298 1253 nullum
345 1215 450 1253 enim
497 1215 611 1254 vobis
657 1230 740 1261 sors
788 1230 970 1268 campum
1013 1217 1135 1266 dedit,
1180 1218 1221 1256 in
1264 1231 1342 1269 quo

145 1292 351 1333 excurrere
390 1279 516 1318 virtus
553 1281 812 1332 cognoscique
850 1286 992 1333 posset.
1052 1281 1209 1333 Reliqui
1247 1286 1342 1321 tem-

143 1332 249 1393 fflis
277 1343 450 1394 spatium
478 1344 519 1382 in
549 1346 849 1395 contentionem
870 1351 1060 1395 chatur3
1093 1347 1143 1386 ab
1171 1351 1341 1398 utroque

74 1405 126 1446 19
144 1407 404 1447 dissimillima
431 1408 584 1448 ratione
612 1414 827 1449 tractatum
857 1415 926 1450 est.
985 1411 1056 1450 IX.
1089 1411 1250 1451 Servius
1277 1411 1341 1450 hic

142 1472 347 1511 nobiscum
373 1472 476 1511 hanc
504 1474 695 1513 urbanam
728 1475 912 1514 militiam
945 1476 1224 1527 respondendi,
1253 1476 1343 1515 scri·

143 1536 273 1584 bendi,
314 1537 489 1586 cavendi,
533 1538 690 1589 plenam
733 1539 1012 1580 sollicitudinis
1058 1554 1102 1579 ac
1149 1540 1341 1580 stomachi

143 1607 298 1640 secutus
340 1606 423 1650 est;
464 1591 530 1641 *ius
573 1603 687 1643 civile
735 1604 887 1653 didicit,
932 1605 1105 1644 multum
1147 1605 1339 1657 vigilavit,

143 1666 347 1714 laboravit,
379 1672 535 1717 praesto
568 1668 706 1707 multis
742 1669 829 1716 fuit,
870 1669 1088 1708 multorum
1127 1670 1342 1710 stultitiam

142 1744 348 1782 perpessus
395 1735 466 1777 est,
515 1731 789 1784 adrogantiam
844 1734 1020 1784 pertulit,
1069 1734 1339 1774 difficultatem

142 1796 370 1844 exsorbuit,
425 1796 528 1834 vixit
574 1796 624 1835 ad
671 1796 838 1836 aliorum
885 1797 1108 1845 arbitrium,
1154 1811 1236 1838 non
1290 1798 1341 1838 ad

142 1874 290 1899 suum·
337 1860 1341 1936 Qhff

140 1924 921 1978 miancienffia,
962 1939 1063 1978 quae
1111 1931 1163 1966 s1t
1203 1927 1341 1970 multis

69 1990 122 2033 20
139 1991 352 2041 profutura.
425 1989 531 2038 Quid
569 1990 739 2029 Murena
779 1991 956 2042 interea2
1024 1991 1258 2031 Fortissimo
1300 1998 1341 2032 et

139 2054 429 2106 sapientissimo
468 2054 565 2103 viro,
606 2068 759 2094 summo
805 2055 1034 2106 imperatori
1081 2055 1246 2107 legatuS,
1293 2056 1343 2098 L..

138 2118 316 2166 Lucullo,
359 2119 459 2167 fuit3
501 2132 579 2169 qua
624 2119 665 2157 in
707 2119 904 2171 legatione
945 2119 1063 2159 duxit
1108 2110 1338 2167 exercitum,

137 2184 249 2236 signa
295 2183 474 2230 contulit,
523 2197 686 2222 manum
731 2184 940 2230 conseruit,
989 2197 1152 2237 magnas
1208 2185 1340 2237 copias

137 2248 312 2287 hostium
354 2247 468 2294 fudit,
515 2248 631 2289 urbes
671 2249 816 2300 partim
856 2248 906 2296 vi,
950 2249 1092 2300 partim
1135 2248 1340 2306 obsidione

1416 2303 1430 2330 C<
1426 2266 1450 2296 ‘e‘
1419 2239 1454 2260 „⁴⁴¹
1419 2227 1427 2234 ¹.
