1462 2398
475 142 578 181 PRO
606 141 647 181 L.
681 141 729 180 M
738 140 940 180 URENA.
1255 139 1303 176 43

111 244 273 285 accedat
308 244 428 292 aliud,
461 256 540 282 non
578 241 754 280 videtis?
810 241 875 289 Te,
908 245 949 279 te
979 240 1144 291 appello,
1178 239 1307 287 Cato3

111 323 243 349 nonne
275 308 464 361 prospicis
495 311 774 357 tempestatem
808 305 902 343 anni
936 305 1022 343 tui?
1079 304 1162 342 Iam
1200 303 1305 341 enim

112 375 296 414 hesterna
328 373 511 412 contione
541 371 719 410 intonui-t
748 384 828 409 vox
861 369 1079 421 perniciosa
1111 367 1307 418 designati

112 439 275 486 tribuni,
295 438 464 490 collegae
483 437 543 476 tui
559 452 570 486 3
598 440 735 475 contra
754 448 873 486 quem
895 434 1064 473 multum
1088 438 1158 472 tua
1182 445 1304 486 anS,

113 504 282 542 multum
320 515 456 542 omnes
492 501 588 540 boni
626 500 899 552 providerunt,
931 499 998 549 qui
1032 503 1071 537 te
1102 498 1153 537 ad
1188 497 1309 536 tribu-

113 573 229 607 natus
256 567 490 619 petitionem
518 570 771 606 vocaverunt.
831 564 986 609 Omnia,
1011 576 1111 614 quae
1138 576 1209 613 per
1234 562 1308 600 hoc

113 633 329 672 triennium
363 632 513 684 agitata
542 636 646 677 sunt,
681 630 760 668 iam
793 630 842 668 ab
876 642 921 668 eo
954 634 1143 678 tempore,
1173 640 1252 678 quo
1285 640 1308 664 a

111 697 154 736 L.
188 697 362 737 Catilina
390 702 431 736 et
459 696 528 735 Cn.
562 695 705 734 Pisone
734 694 880 733 initum
909 693 1115 732 consilium
1149 697 1308 730 senatus

112 761 376 801 interficiendi
406 761 515 800 scitis
545 773 639 807 esse,
671 759 712 798 in
743 759 815 798 hos
845 758 941 806 dies,
970 758 1011 796 in
1041 757 1112 796 hos
1141 769 1306 804 menses,

114 826 155 865 in
190 826 265 865 hoc
301 830 459 876 tempus
496 828 718 874 erumpunt.
778 823 855 872 Qui
891 823 1000 861 locus
1037 826 1108 870 est,
1147 821 1306 868 iudices,
1353 823 1379 865 2

114 891 220 942 quod
248 895 415 942 tempus,
446 890 514 941 qui
542 890 638 938 dies,
668 902 769 940 quae
797 902 888 932 nox,
919 901 1007 926 cum
1041 900 1113 938 ego
1146 900 1226 925 non
1259 900 1309 924 ex

115 955 282 994 istorum
309 955 464 994 insidiis
492 968 536 993 ac
563 953 816 992 mucronibus
844 966 924 991 non
953 952 1080 991 solum
1110 964 1208 999 meo,
1239 950 1310 989 sed

114 1020 241 1059 multo
279 1020 400 1059 etiam
441 1019 566 1070 magis
603 1019 740 1058 divino
787 1017 952 1057 consilio
1000 1017 1145 1068 eripiar
1190 1021 1309 1066 atque

114 1085 298 1124 evolem?
372 1084 513 1135 Neque
550 1084 616 1122 isti
654 1097 717 1122 me
754 1096 842 1122 meo
879 1082 1039 1121 nomine
1076 1081 1307 1127 interficere,

114 1149 183 1189 sed
219 1149 450 1200 vigilantem
487 1148 687 1188 consulem
725 1148 774 1186 de
810 1147 868 1186 rei
901 1146 1080 1198 publicae
1113 1145 1311 1197 praesidio

115 1215 323 1254 demovere
342 1214 484 1253 volunt
501 1228 511 1262 3
539 1226 610 1252 nec
629 1213 760 1251 minus
779 1211 939 1260 vellent,
961 1211 1072 1259 Cato,
1093 1216 1134 1249 te
1154 1223 1310 1262 quoque

114 1279 244 1330 aliqua
279 1278 446 1325 ratione,
483 1278 517 1317 si
553 1281 725 1329 possent,
764 1276 929 1316 tollere:
975 1275 1017 1314 id
1055 1275 1173 1327 quod,
1212 1274 1311 1313 mihi

114 1344 237 1392 crede,
269 1349 310 1382 et
338 1347 462 1394 agunt
490 1347 531 1382 et
558 1342 788 1381 moliuntur.
847 1340 1011 1389 Vident,
1042 1344 1236 1391 quantum
1267 1339 1311 1378 in

115 1413 154 1447 te
182 1409 236 1447 sit
264 1408 396 1456 animi,
423 1412 617 1458 quantum
645 1406 806 1457 ingenii,
832 1411 1026 1456 quantum
1050 1404 1310 1451 auctoritatis,

116 1477 308 1523 quantum
337 1472 393 1510 rei
422 1471 600 1523 publicae
633 1470 821 1522 praesidii
836 1485 846 1518 ;
876 1470 956 1517 sed,
993 1483 1082 1508 cum
1115 1468 1311 1508 consulari

116 1537 352 1576 auctoritate
399 1541 440 1575 et
487 1535 636 1574 auxilio
683 1534 892 1585 spoliatam
938 1534 1019 1573 vim
1056 1533 1311 1572 tribuniciam

117 1601 301 1648 viderint,
331 1606 417 1639 tum
446 1614 486 1639 se
514 1599 667 1638 facilius
695 1600 887 1638 inermem
915 1604 956 1638 et
986 1598 1238 1637 debilitatum
1271 1602 1311 1637 te

117 1679 370 1718 oppressuros
398 1665 652 1768 arbitrarffqur.
706 1664 821 1712 Nam,
848 1677 897 1702 ne
925 1664 1140 1702 sufficiatur
1161 1662 1309 1712 consul,

115 1744 195 1770 non
214 1730 369 1770 timent.
427 1729 559 1768 Viden
581 1742 649 1789 lxm
674 1733 835 1768 tuorum
855 1733 1052 1780 potestate
1073 1727 1311 1780 collegarum

116 1795 226 1843 fore;
253 1799 416 1846 sperant
448 1794 523 1833 sibi
556 1794 603 1833 D.
641 1793 833 1841 Silanum,
868 1793 1017 1832 clarum
1051 1793 1192 1840 virum,
1227 1794 1311 1832 sine

117 1859 274 1912 collega,
294 1864 335 1898 te
364 1859 447 1898 sine
475 1858 645 1905 consule,
668 1871 751 1897 rem
780 1857 978 1908 publicam
1004 1857 1089 1896 sine
1114 1857 1311 1908 praesidio

117 1923 220 1978 obici
247 1937 369 1974 posse.
429 1923 504 1962 His
533 1923 657 1962 tantis
689 1923 731 1961 in
764 1923 881 1961 rebus
913 1922 1114 1972 tantisque
1142 1922 1183 1960 in
1212 1923 1311 1972 peri·
1327 1922 1380 1964 83

117 1987 214 2027 culis
233 1992 293 2027 est
310 1993 435 2033 tuum⁷
457 1987 512 2027 M.
535 1987 646 2035 Cato,
665 1987 733 2038 qui
751 1987 850 2025 mihi
870 2000 949 2025 non
968 1986 1054 2033 tibi,
1072 1986 1141 2024 sed
1159 1987 1311 2037 patriae

118 2056 234 2091 natus
259 2065 342 2091 esse
367 2052 510 2100 videris,
531 2051 679 2099 videre,
706 2050 802 2102 quid
831 2056 982 2102 agatur,
1008 2051 1178 2089 retinere
1203 2051 1313 2090 adiu-

118 2121 256 2164 torem,
287 2116 545 2164 defensorem,
579 2115 727 2154 socium
760 2115 802 2154 in
832 2128 874 2154 re
907 2115 1075 2166 publica,
1110 2109 1310 2154 consulem

119 2194 199 2220 non
229 2180 426 2232 cupidum,
463 2180 674 2227 consulem,
707 2179 813 2230 quod
844 2179 1015 2218 maxime
1048 2183 1205 2230 tempus
1237 2179 1311 2219 hoc

119 2245 306 2296 postulat,
321 2245 482 2283 fortuna
494 2244 755 2283 constitutum
775 2243 825 2282 ad
845 2243 1151 2294 amplexandum
1170 2244 1307 2293 otium,
