<?xml version="1.0" encoding="UTF-8"?>
<!DOCTYPE html PUBLIC "-//W3C//DTD XHTML 1.0 Transitional//EN"
    "http://www.w3.org/TR/xhtml1/DTD/xhtml1-transitional.dtd">
<html xmlns="http://www.w3.org/1999/xhtml" xml:lang="en" lang="en">
 <head>
  <title>
</title>
<meta http-equiv="Content-Type" content="text/html;charset=utf-8" />
  <meta name='ocr-system' content='tesseract 3.04.00' />
  <meta name='ocr-capabilities' content='ocr_page ocr_carea ocr_par ocr_line ocrx_word'/>
</head>
<body>
  <div class='ocr_page' id='page_1' title='image "./prolmurenaoratio00cice/prolmurenaoratio00cice_0041.png"; bbox 0 0 1462 2398; ppageno 0'>
   <div class='ocr_carea' id='block_1_1' title="bbox 440 120 1270 161">
    <p class='ocr_par' dir='ltr' id='par_1_1' title="bbox 440 120 1270 161">
     <span class='ocr_line' id='line_1_1' title="bbox 440 120 1270 161; baseline -0.002 -1"><span class='ocrx_word' id='word_1_1' title='bbox 440 122 543 161; x_wconf 81' lang='lat' dir='ltr'>PRO</span> <span class='ocrx_word' id='word_1_2' title='bbox 573 122 614 160; x_wconf 90' lang='lat' dir='ltr'>L.</span> <span class='ocrx_word' id='word_1_3' title='bbox 646 120 904 160; x_wconf 72' lang='lat' dir='ltr'><em>MURENA.</em></span> <span class='ocrx_word' id='word_1_4' title='bbox 1248 122 1270 158; x_wconf 92' lang='lat'><strong>3</strong></span> 
     </span>
    </p>
   </div>
   <div class='ocr_carea' id='block_1_2' title="bbox 2 218 1381 2207">
    <p class='ocr_par' dir='ltr' id='par_1_2' title="bbox 75 218 1316 788">
     <span class='ocr_line' id='line_1_2' title="bbox 75 218 1316 271; baseline -0.004 -8"><span class='ocrx_word' id='word_1_5' title='bbox 75 223 134 263; x_wconf 87' lang='lat' dir='ltr'>Ac</span> <span class='ocrx_word' id='word_1_6' title='bbox 158 223 202 271; x_wconf 88' lang='lat' dir='ltr'>si,</span> <span class='ocrx_word' id='word_1_7' title='bbox 223 228 270 263; x_wconf 89' lang='lat' dir='ltr'>ut</span> <span class='ocrx_word' id='word_1_8' title='bbox 295 222 496 262; x_wconf 81' lang='lat' dir='ltr'>nonnullis</span> <span class='ocrx_word' id='word_1_9' title='bbox 521 222 562 260; x_wconf 89' lang='lat' dir='ltr'>in</span> <span class='ocrx_word' id='word_1_10' title='bbox 588 221 817 260; x_wconf 88' lang='lat' dir='ltr'>civitatibus</span> <span class='ocrx_word' id='word_1_11' title='bbox 841 221 924 259; x_wconf 88' lang='lat' dir='ltr'>fieri</span> <span class='ocrx_word' id='word_1_12' title='bbox 949 220 1059 268; x_wconf 88' lang='lat' dir='ltr'>solet,</span> <span class='ocrx_word' id='word_1_13' title='bbox 1081 224 1272 271; x_wconf 86' lang='lat' dir='ltr'>patronus</span> <span class='ocrx_word' id='word_1_14' title='bbox 1290 218 1316 259; x_wconf 84' lang='lat'>4</span> 
     </span>
     <span class='ocr_line' id='line_1_3' title="bbox 75 284 1272 338; baseline -0.004 -10"><span class='ocrx_word' id='word_1_15' title='bbox 75 287 167 327; x_wconf 89' lang='lat' dir='ltr'>huic</span> <span class='ocrx_word' id='word_1_16' title='bbox 214 301 351 327; x_wconf 85' lang='lat' dir='ltr'>causae</span> <span class='ocrx_word' id='word_1_17' title='bbox 399 286 553 338; x_wconf 86' lang='lat' dir='ltr'>publice</span> <span class='ocrx_word' id='word_1_18' title='bbox 592 286 912 332; x_wconf 84' lang='lat' dir='ltr'>constitueretur,</span> <span class='ocrx_word' id='word_1_19' title='bbox 951 286 984 324; x_wconf 91' lang='lat' dir='ltr'>is</span> <span class='ocrx_word' id='word_1_20' title='bbox 1022 284 1272 336; x_wconf 88' lang='lat' dir='ltr'>potissimum</span> 
     </span>
     <span class='ocr_line' id='line_1_4' title="bbox 76 343 1272 401; baseline -0.004 -9"><span class='ocrx_word' id='word_1_21' title='bbox 76 366 230 392; x_wconf 88' lang='lat' dir='ltr'>summo</span> <span class='ocrx_word' id='word_1_22' title='bbox 262 352 409 398; x_wconf 85' lang='lat' dir='ltr'>honore</span> <span class='ocrx_word' id='word_1_23' title='bbox 439 351 593 401; x_wconf 75' lang='lat' dir='ltr'>adfecto</span> <span class='ocrx_word' id='word_1_24' title='bbox 623 350 805 390; x_wconf 85' lang='lat' dir='ltr'>defensor</span> <span class='ocrx_word' id='word_1_25' title='bbox 833 343 1005 398; x_wconf 75' lang='lat' dir='ltr'>daretur,</span> <span class='ocrx_word' id='word_1_26' title='bbox 1037 349 1104 400; x_wconf 88' lang='lat' dir='ltr'>qui</span> <span class='ocrx_word' id='word_1_27' title='bbox 1134 349 1272 388; x_wconf 90' lang='lat' dir='ltr'>eodem</span> 
     </span>
     <span class='ocr_line' id='line_1_5' title="bbox 76 408 1271 469; baseline -0.003 -13"><span class='ocrx_word' id='word_1_28' title='bbox 76 418 224 458; x_wconf 85' lang='lat' dir='ltr'>honore</span> <span class='ocrx_word' id='word_1_29' title='bbox 256 416 460 469; x_wconf 85' lang='lat' dir='ltr'>praeditus</span> <span class='ocrx_word' id='word_1_30' title='bbox 477 408 569 454; x_wconf 78' lang='lat' dir='ltr'>‘non</span> <span class='ocrx_word' id='word_1_31' title='bbox 603 415 734 454; x_wconf 86' lang='lat' dir='ltr'>minus</span> <span class='ocrx_word' id='word_1_32' title='bbox 767 414 940 454; x_wconf 88' lang='lat' dir='ltr'>adferret</span> <span class='ocrx_word' id='word_1_33' title='bbox 973 414 1023 462; x_wconf 87' lang='lat' dir='ltr'>ad</span> <span class='ocrx_word' id='word_1_34' title='bbox 1061 414 1271 453; x_wconf 88' lang='lat' dir='ltr'>dicendum</span> 
     </span>
     <span class='ocr_line' id='line_1_6' title="bbox 76 474 1274 530; baseline -0.005 -10"><span class='ocrx_word' id='word_1_35' title='bbox 76 480 321 519; x_wconf 75' lang='lat' dir='ltr'>auctoritatis</span> <span class='ocrx_word' id='word_1_36' title='bbox 358 492 476 530; x_wconf 86' lang='lat' dir='ltr'>quam</span> <span class='ocrx_word' id='word_1_37' title='bbox 513 477 724 517; x_wconf 81' lang='lat' dir='ltr'>facultatis.</span> <span class='ocrx_word' id='word_1_38' title='bbox 799 476 948 525; x_wconf 76' lang='lat' dir='ltr'>Quodsi</span> <span class='ocrx_word' id='word_1_39' title='bbox 987 490 1008 516; x_wconf 90' lang='lat' dir='ltr'>e</span> <span class='ocrx_word' id='word_1_40' title='bbox 1046 474 1163 527; x_wconf 80' lang='lat' dir='ltr'>port&#39;u</span> <span class='ocrx_word' id='word_1_41' title='bbox 1202 476 1274 515; x_wconf 84' lang='lat' dir='ltr'>sol-</span> 
     </span>
     <span class='ocr_line' id='line_1_7' title="bbox 77 541 1271 594; baseline -0.004 -10"><span class='ocrx_word' id='word_1_42' title='bbox 77 544 261 584; x_wconf 83' lang='lat' dir='ltr'>ventibus</span> <span class='ocrx_word' id='word_1_43' title='bbox 289 543 328 592; x_wconf 89' lang='lat' dir='ltr'>ii,</span> <span class='ocrx_word' id='word_1_44' title='bbox 359 543 427 594; x_wconf 90' lang='lat' dir='ltr'>qui</span> <span class='ocrx_word' id='word_1_45' title='bbox 455 543 532 581; x_wconf 90' lang='lat' dir='ltr'>iam</span> <span class='ocrx_word' id='word_1_46' title='bbox 563 543 604 580; x_wconf 88' lang='lat' dir='ltr'>in</span> <span class='ocrx_word' id='word_1_47' title='bbox 634 546 794 593; x_wconf 90' lang='lat' dir='ltr'>portum</span> <span class='ocrx_word' id='word_1_48' title='bbox 823 555 872 580; x_wconf 86' lang='lat' dir='ltr'>ex</span> <span class='ocrx_word' id='word_1_49' title='bbox 902 541 982 580; x_wconf 89' lang='lat' dir='ltr'>alto</span> <span class='ocrx_word' id='word_1_50' title='bbox 1015 541 1271 588; x_wconf 88' lang='lat' dir='ltr'>invehuntur,</span> 
     </span>
     <span class='ocr_line' id='line_1_8' title="bbox 78 606 1272 661; baseline -0.003 -13"><span class='ocrx_word' id='word_1_51' title='bbox 78 609 300 661; x_wconf 80' lang='lat' dir='ltr'>praecipere</span> <span class='ocrx_word' id='word_1_52' title='bbox 346 621 500 647; x_wconf 87' lang='lat' dir='ltr'>summo</span> <span class='ocrx_word' id='word_1_53' title='bbox 548 606 681 650; x_wconf 87' lang='lat' dir='ltr'>studio</span> <span class='ocrx_word' id='word_1_54' title='bbox 729 606 858 646; x_wconf 83' lang='lat' dir='ltr'>solent</span> <span class='ocrx_word' id='word_1_55' title='bbox 905 611 944 645; x_wconf 91' lang='lat' dir='ltr'>et</span> <span class='ocrx_word' id='word_1_56' title='bbox 991 610 1272 657; x_wconf 80' lang='lat' dir='ltr'>tempestatum</span> 
     </span>
     <span class='ocr_line' id='line_1_9' title="bbox 77 670 1273 724; baseline -0.004 -11"><span class='ocrx_word' id='word_1_57' title='bbox 77 674 271 713; x_wconf 86' lang='lat' dir='ltr'>rationem</span> <span class='ocrx_word' id='word_1_58' title='bbox 291 677 331 712; x_wconf 93' lang='lat' dir='ltr'>et</span> <span class='ocrx_word' id='word_1_59' title='bbox 350 672 596 724; x_wconf 88' lang='lat' dir='ltr'>praedonum</span> <span class='ocrx_word' id='word_1_60' title='bbox 617 677 657 710; x_wconf 89' lang='lat' dir='ltr'>et</span> <span class='ocrx_word' id='word_1_61' title='bbox 675 671 862 718; x_wconf 77' lang='lat' dir='ltr'>locorUm,</span> <span class='ocrx_word' id='word_1_62' title='bbox 885 670 992 721; x_wconf 84' lang='lat' dir='ltr'>quod</span> <span class='ocrx_word' id='word_1_63' title='bbox 1015 675 1159 709; x_wconf 90' lang='lat' dir='ltr'>natura</span> <span class='ocrx_word' id='word_1_64' title='bbox 1183 671 1273 716; x_wconf 88' lang='lat' dir='ltr'>fert,</span> 
     </span>
     <span class='ocr_line' id='line_1_10' title="bbox 78 735 1274 788; baseline -0.004 -10"><span class='ocrx_word' id='word_1_65' title='bbox 78 743 124 778; x_wconf 87' lang='lat' dir='ltr'>ut</span> <span class='ocrx_word' id='word_1_66' title='bbox 160 739 209 778; x_wconf 84' lang='lat' dir='ltr'>iis</span> <span class='ocrx_word' id='word_1_67' title='bbox 245 739 458 786; x_wconf 87' lang='lat' dir='ltr'>faveamus,</span> <span class='ocrx_word' id='word_1_68' title='bbox 500 737 569 788; x_wconf 88' lang='lat' dir='ltr'>qui</span> <span class='ocrx_word' id='word_1_69' title='bbox 606 736 744 775; x_wconf 87' lang='lat' dir='ltr'>eadem</span> <span class='ocrx_word' id='word_1_70' title='bbox 790 735 973 787; x_wconf 89' lang='lat' dir='ltr'>pericula,</span> <span class='ocrx_word' id='word_1_71' title='bbox 1014 735 1157 786; x_wconf 84' lang='lat' dir='ltr'>quibus</span> <span class='ocrx_word' id='word_1_72' title='bbox 1203 748 1274 774; x_wconf 87' lang='lat' dir='ltr'>nos</span> 
     </span>
    </p>

    <p class='ocr_par' dir='ltr' id='par_1_3' title="bbox 15 795 1275 857">
     <span class='ocr_line' id='line_1_11' title="bbox 15 800 1275 857; baseline 0.007 -27"><span class='ocrx_word' id='word_1_73' title='bbox 15 828 27 852; x_wconf 79' lang='lat'>:·</span> <span class='ocrx_word' id='word_1_74' title='bbox 44 803 276 855; x_wconf 88' lang='lat' dir='ltr'>perfuncti</span> <span class='ocrx_word' id='word_1_75' title='bbox 305 816 450 848; x_wconf 77' lang='lat' dir='ltr'>sumuS,</span> <span class='ocrx_word' id='word_1_76' title='bbox 482 801 773 857; x_wconf 84' lang='lat' dir='ltr'>ingrediantur‚·</span> <span class='ocrx_word' id='word_1_77' title='bbox 800 814 878 852; x_wconf 89' lang='lat' dir='ltr'>quo</span> <span class='ocrx_word' id='word_1_78' title='bbox 907 800 1070 839; x_wconf 85' lang='lat' dir='ltr'>tandem</span> <span class='ocrx_word' id='word_1_79' title='bbox 1098 813 1161 839; x_wconf 92' lang='lat' dir='ltr'>me</span> <span class='ocrx_word' id='word_1_80' title='bbox 1191 813 1275 839; x_wconf 89' lang='lat' dir='ltr'>esse</span> 
     </span>
    </p>

    <p class='ocr_par' dir='ltr' id='par_1_4' title="bbox 3 855 1338 1820">
     <span class='ocr_line' id='line_1_12' title="bbox 3 855 1275 919; baseline -0.003 -12"><span class='ocrx_word' id='word_1_81' title='bbox 3 855 12 863; x_wconf 22' lang='grc' dir='ltr'><strong>κ</strong></span> <span class='ocrx_word' id='word_1_82' title='bbox 63 855 211 907; x_wconf 37' lang='lat' dir='ltr'>*animo</span> <span class='ocrx_word' id='word_1_83' title='bbox 231 872 388 919; x_wconf 85' lang='lat' dir='ltr'>oportet</span> <span class='ocrx_word' id='word_1_84' title='bbox 406 879 529 919; x_wconf 78' lang='lat' dir='ltr'>prope</span> <span class='ocrx_word' id='word_1_85' title='bbox 554 856 631 905; x_wconf 82' lang='lat' dir='ltr'>iam</span> <span class='ocrx_word' id='word_1_86' title='bbox 655 879 710 905; x_wconf 82' lang='lat' dir='ltr'>ex</span> <span class='ocrx_word' id='word_1_87' title='bbox 734 879 878 917; x_wconf 86' lang='lat' dir='ltr'>magna</span> <span class='ocrx_word' id='word_1_88' title='bbox 895 866 1108 904; x_wconf 86' lang='lat' dir='ltr'>iactatione</span> <span class='ocrx_word' id='word_1_89' title='bbox 1127 870 1275 904; x_wconf 89' lang='lat' dir='ltr'>terram</span> 
     </span>
     <span class='ocr_line' id='line_1_13' title="bbox 79 929 1276 981; baseline -0.003 -9"><span class='ocrx_word' id='word_1_90' title='bbox 79 932 283 972; x_wconf 89' lang='lat' dir='ltr'>videntem</span> <span class='ocrx_word' id='word_1_91' title='bbox 315 932 356 970; x_wconf 93' lang='lat' dir='ltr'>in</span> <span class='ocrx_word' id='word_1_92' title='bbox 390 932 504 979; x_wconf 91' lang='lat' dir='ltr'>hunc,</span> <span class='ocrx_word' id='word_1_93' title='bbox 541 931 602 970; x_wconf 90' lang='lat' dir='ltr'>cui</span> <span class='ocrx_word' id='word_1_94' title='bbox 637 930 752 981; x_wconf 82' lang='lat' dir='ltr'>video</span> <span class='ocrx_word' id='word_1_95' title='bbox 785 930 978 969; x_wconf 87' lang='lat' dir='ltr'>maximas</span> <span class='ocrx_word' id='word_1_96' title='bbox 1010 930 1066 968; x_wconf 90' lang='lat' dir='ltr'>rei</span> <span class='ocrx_word' id='word_1_97' title='bbox 1096 929 1276 981; x_wconf 87' lang='lat' dir='ltr'>publicae</span> 
     </span>
     <span class='ocr_line' id='line_1_14' title="bbox 81 994 1276 1049; baseline -0.003 -12"><span class='ocrx_word' id='word_1_98' title='bbox 81 1002 337 1049; x_wconf 81' lang='lat' dir='ltr'>tempestates</span> <span class='ocrx_word' id='word_1_99' title='bbox 374 1009 457 1036; x_wconf 85' lang='lat' dir='ltr'>esse</span> <span class='ocrx_word' id='word_1_100' title='bbox 495 995 751 1034; x_wconf 68' lang='lat' dir='ltr'>subeundas?</span> <span class='ocrx_word' id='word_1_101' title='bbox 825 994 965 1043; x_wconf 78' lang='lat' dir='ltr'>Quare,</span> <span class='ocrx_word' id='word_1_102' title='bbox 1006 994 1039 1033; x_wconf 86' lang='lat' dir='ltr'>si</span> <span class='ocrx_word' id='word_1_103' title='bbox 1077 999 1136 1034; x_wconf 84' lang='lat' dir='ltr'>est</span> <span class='ocrx_word' id='word_1_104' title='bbox 1181 994 1276 1034; x_wconf 88' lang='lat' dir='ltr'>boni</span> 
     </span>
     <span class='ocr_line' id='line_1_15' title="bbox 82 1056 1276 1108; baseline -0.003 -10"><span class='ocrx_word' id='word_1_105' title='bbox 82 1059 252 1099; x_wconf 86' lang='lat' dir='ltr'>consulis</span> <span class='ocrx_word' id='word_1_106' title='bbox 277 1073 357 1098; x_wconf 91' lang='lat' dir='ltr'>non</span> <span class='ocrx_word' id='word_1_107' title='bbox 383 1058 510 1097; x_wconf 86' lang='lat' dir='ltr'>solum</span> <span class='ocrx_word' id='word_1_108' title='bbox 537 1058 682 1106; x_wconf 90' lang='lat' dir='ltr'>videre,</span> <span class='ocrx_word' id='word_1_109' title='bbox 705 1057 801 1108; x_wconf 88' lang='lat' dir='ltr'>quid</span> <span class='ocrx_word' id='word_1_110' title='bbox 825 1061 975 1108; x_wconf 87' lang='lat' dir='ltr'>agatur,</span> <span class='ocrx_word' id='word_1_111' title='bbox 998 1070 1135 1095; x_wconf 90' lang='lat' dir='ltr'>verum</span> <span class='ocrx_word' id='word_1_112' title='bbox 1156 1056 1276 1095; x_wconf 87' lang='lat' dir='ltr'>etiam</span> 
     </span>
     <span class='ocr_line' id='line_1_16' title="bbox 81 1115 1278 1176; baseline -0.003 -12"><span class='ocrx_word' id='word_1_113' title='bbox 81 1124 298 1176; x_wconf 86' lang='lat' dir='ltr'>providere,</span> <span class='ocrx_word' id='word_1_114' title='bbox 320 1123 416 1175; x_wconf 90' lang='lat' dir='ltr'>quid</span> <span class='ocrx_word' id='word_1_115' title='bbox 436 1124 612 1162; x_wconf 90' lang='lat' dir='ltr'>futurum</span> <span class='ocrx_word' id='word_1_116' title='bbox 632 1115 695 1169; x_wconf 67' lang='lat' dir='ltr'>siff,</span> <span class='ocrx_word' id='word_1_117' title='bbox 717 1121 922 1161; x_wconf 86' lang='lat' dir='ltr'>ostendam</span> <span class='ocrx_word' id='word_1_118' title='bbox 944 1121 1020 1160; x_wconf 91' lang='lat' dir='ltr'>alio</span> <span class='ocrx_word' id='word_1_119' title='bbox 1039 1121 1134 1171; x_wconf 89' lang='lat' dir='ltr'>loco,</span> <span class='ocrx_word' id='word_1_120' title='bbox 1157 1135 1278 1173; x_wconf 87' lang='lat' dir='ltr'>quan-</span> 
     </span>
     <span class='ocr_line' id='line_1_17' title="bbox 81 1186 1277 1237; baseline -0.003 -8"><span class='ocrx_word' id='word_1_121' title='bbox 81 1194 167 1229; x_wconf 91' lang='lat' dir='ltr'>tum</span> <span class='ocrx_word' id='word_1_122' title='bbox 199 1189 338 1228; x_wconf 88' lang='lat' dir='ltr'>salutis</span> <span class='ocrx_word' id='word_1_123' title='bbox 371 1187 588 1227; x_wconf 89' lang='lat' dir='ltr'>communis</span> <span class='ocrx_word' id='word_1_124' title='bbox 621 1187 781 1237; x_wconf 87' lang='lat' dir='ltr'>intersit</span> <span class='ocrx_word' id='word_1_125' title='bbox 813 1186 911 1226; x_wconf 92' lang='lat' dir='ltr'>duos</span> <span class='ocrx_word' id='word_1_126' title='bbox 945 1186 1123 1226; x_wconf 86' lang='lat' dir='ltr'>consules</span> <span class='ocrx_word' id='word_1_127' title='bbox 1156 1186 1198 1225; x_wconf 90' lang='lat' dir='ltr'>in</span> <span class='ocrx_word' id='word_1_128' title='bbox 1235 1200 1277 1225; x_wconf 87' lang='lat' dir='ltr'>re</span> 
     </span>
     <span class='ocr_line' id='line_1_18' title="bbox 81 1250 1320 1306; baseline -0.002 -13"><span class='ocrx_word' id='word_1_129' title='bbox 81 1254 238 1306; x_wconf 87' lang='lat' dir='ltr'>publica</span> <span class='ocrx_word' id='word_1_130' title='bbox 275 1252 469 1292; x_wconf 87' lang='lat' dir='ltr'>Kalendis</span> <span class='ocrx_word' id='word_1_131' title='bbox 507 1252 701 1306; x_wconf 71' lang='lat' dir='ltr'>Ianuariis</span> <span class='ocrx_word' id='word_1_132' title='bbox 740 1265 834 1291; x_wconf 90' lang='lat' dir='ltr'>esse.</span> <span class='ocrx_word' id='word_1_133' title='bbox 894 1250 1008 1299; x_wconf 72' lang='lat' dir='ltr'>Quod</span> <span class='ocrx_word' id='word_1_134' title='bbox 1046 1251 1079 1290; x_wconf 90' lang='lat' dir='ltr'>si</span> <span class='ocrx_word' id='word_1_135' title='bbox 1110 1251 1167 1290; x_wconf 84' lang='lat' dir='ltr'>ita</span> <span class='ocrx_word' id='word_1_136' title='bbox 1205 1257 1274 1300; x_wconf 86' lang='lat' dir='ltr'>est,</span> <span class='ocrx_word' id='word_1_137' title='bbox 1296 1255 1320 1295; x_wconf 87' lang='lat'>5</span> 
     </span>
     <span class='ocr_line' id='line_1_19' title="bbox 82 1312 1338 1370; baseline -0.003 -12"><span class='ocrx_word' id='word_1_138' title='bbox 82 1332 162 1358; x_wconf 90' lang='lat' dir='ltr'>non</span> <span class='ocrx_word' id='word_1_139' title='bbox 194 1324 277 1358; x_wconf 88' lang='lat' dir='ltr'>tam</span> <span class='ocrx_word' id='word_1_140' title='bbox 309 1331 372 1369; x_wconf 62' lang='grc' dir='ltr'><strong>111-θ</strong></span> <span class='ocrx_word' id='word_1_141' title='bbox 406 1317 574 1370; x_wconf 74' lang='lat' dir='ltr'>officium</span> <span class='ocrx_word' id='word_1_142' title='bbox 607 1317 748 1356; x_wconf 86' lang='lat' dir='ltr'>debuit</span> <span class='ocrx_word' id='word_1_143' title='bbox 776 1316 825 1355; x_wconf 87' lang='lat' dir='ltr'>ad</span> <span class='ocrx_word' id='word_1_144' title='bbox 859 1316 1029 1355; x_wconf 86' lang='lat' dir='ltr'>hominis</span> <span class='ocrx_word' id='word_1_145' title='bbox 1059 1315 1175 1355; x_wconf 89' lang='lat' dir='ltr'>amici</span> <span class='ocrx_word' id='word_1_146' title='bbox 1203 1318 1279 1355; x_wconf 85' lang='lat' dir='ltr'>for·</span> <span class='ocrx_word' id='word_1_147' title='bbox 1318 1312 1338 1344; x_wconf 61' lang='lat'>&#39;⁴7&#39;</span> 
     </span>
     <span class='ocr_line' id='line_1_20' title="bbox 82 1376 1327 1438; baseline -0.002 -17"><span class='ocrx_word' id='word_1_148' title='bbox 82 1387 199 1421; x_wconf 83' lang='lat' dir='ltr'>tunas</span> <span class='ocrx_word' id='word_1_149' title='bbox 236 1395 356 1433; x_wconf 86' lang='lat' dir='ltr'>quam</span> <span class='ocrx_word' id='word_1_150' title='bbox 392 1395 455 1420; x_wconf 89' lang='lat' dir='ltr'>res</span> <span class='ocrx_word' id='word_1_151' title='bbox 492 1381 650 1432; x_wconf 77' lang='lat' dir='ltr'>publica</span> <span class='ocrx_word' id='word_1_152' title='bbox 687 1380 887 1438; x_wconf 71' lang='lat' dir='ltr'>consplem</span> <span class='ocrx_word' id='word_1_153' title='bbox 933 1379 984 1419; x_wconf 87' lang='lat' dir='ltr'>ad</span> <span class='ocrx_word' id='word_1_154' title='bbox 1031 1394 1275 1419; x_wconf 88' lang='lat' dir='ltr'>communem</span> <span class='ocrx_word' id='word_1_155' title='bbox 1324 1376 1327 1379; x_wconf 71' lang='grc'><strong>’</strong></span> 
     </span>
     <span class='ocr_line' id='line_1_21' title="bbox 83 1444 1277 1497; baseline -0.002 -12"><span class='ocrx_word' id='word_1_156' title='bbox 83 1447 251 1486; x_wconf 86' lang='lat' dir='ltr'>salutem</span> <span class='ocrx_word' id='word_1_157' title='bbox 269 1445 560 1484; x_wconf 84' lang='lat' dir='ltr'>defendendam</span> <span class='ocrx_word' id='word_1_158' title='bbox 582 1458 731 1484; x_wconf 88' lang='lat' dir='ltr'>vocare.</span> <span class='ocrx_word' id='word_1_159' title='bbox 789 1445 863 1484; x_wconf 89' lang='lat' dir='ltr'><strong>III.</strong></span> <span class='ocrx_word' id='word_1_160' title='bbox 895 1444 1000 1483; x_wconf 88' lang='lat' dir='ltr'>Nam</span> <span class='ocrx_word' id='word_1_161' title='bbox 1019 1445 1127 1496; x_wconf 89' lang='lat' dir='ltr'>quod</span> <span class='ocrx_word' id='word_1_162' title='bbox 1151 1445 1277 1497; x_wconf 84' lang='lat' dir='ltr'>legem</span> 
     </span>
     <span class='ocr_line' id='line_1_22' title="bbox 84 1500 1279 1560; baseline -0.001 -10"><span class='ocrx_word' id='word_1_163' title='bbox 84 1511 134 1550; x_wconf 89' lang='lat' dir='ltr'>de</span> <span class='ocrx_word' id='word_1_164' title='bbox 160 1506 313 1550; x_wconf 87' lang='lat' dir='ltr'>ambitu</span> <span class='ocrx_word' id='word_1_165' title='bbox 337 1509 424 1557; x_wconf 87' lang='lat' dir='ltr'>tuli,</span> <span class='ocrx_word' id='word_1_166' title='bbox 446 1515 550 1549; x_wconf 87' lang='lat' dir='ltr'>certe</span> <span class='ocrx_word' id='word_1_167' title='bbox 576 1509 634 1548; x_wconf 87' lang='lat' dir='ltr'>ita</span> <span class='ocrx_word' id='word_1_168' title='bbox 659 1500 745 1557; x_wconf 87' lang='lat' dir='ltr'>tuli,</span> <span class='ocrx_word' id='word_1_169' title='bbox 767 1514 814 1548; x_wconf 94' lang='lat' dir='ltr'>ut</span> <span class='ocrx_word' id='word_1_170' title='bbox 839 1523 937 1557; x_wconf 86' lang='lat' dir='ltr'>eam,</span> <span class='ocrx_word' id='word_1_171' title='bbox 959 1504 1077 1560; x_wconf 76' lang='lat' dir='ltr'>quam</span> <span class='ocrx_word' id='word_1_172' title='bbox 1097 1510 1279 1550; x_wconf 90' lang='lat' dir='ltr'>mihimet</span> 
     </span>
     <span class='ocr_line' id='line_1_23' title="bbox 84 1572 1279 1628; baseline 0 -14"><span class='ocrx_word' id='word_1_173' title='bbox 84 1572 159 1628; x_wconf 80' lang='lat' dir='ltr'>ipsi</span> <span class='ocrx_word' id='word_1_174' title='bbox 184 1575 264 1615; x_wconf 87' lang='lat' dir='ltr'>iam</span> <span class='ocrx_word' id='word_1_175' title='bbox 287 1574 442 1626; x_wconf 89' lang='lat' dir='ltr'>pridem</span> <span class='ocrx_word' id='word_1_176' title='bbox 467 1573 636 1613; x_wconf 81' lang='lat' dir='ltr'>tuleram</span> <span class='ocrx_word' id='word_1_177' title='bbox 662 1573 711 1613; x_wconf 90' lang='lat' dir='ltr'>de</span> <span class='ocrx_word' id='word_1_178' title='bbox 735 1574 880 1612; x_wconf 89' lang='lat' dir='ltr'>civium</span> <span class='ocrx_word' id='word_1_179' title='bbox 909 1574 1092 1625; x_wconf 87' lang='lat' dir='ltr'>periculis</span> <span class='ocrx_word' id='word_1_180' title='bbox 1121 1574 1279 1614; x_wconf 90' lang='lat' dir='ltr'>defend-</span> 
     </span>
     <span class='ocr_line' id='line_1_24' title="bbox 85 1639 1279 1694; baseline -0.001 -14"><span class='ocrx_word' id='word_1_181' title='bbox 85 1640 210 1688; x_wconf 83' lang='lat' dir='ltr'>endis,</span> <span class='ocrx_word' id='word_1_182' title='bbox 230 1653 310 1680; x_wconf 88' lang='lat' dir='ltr'>non</span> <span class='ocrx_word' id='word_1_183' title='bbox 330 1640 568 1694; x_wconf 83' lang='lat' dir='ltr'>abrogarem.</span> <span class='ocrx_word' id='word_1_184' title='bbox 619 1639 790 1686; x_wconf 89' lang='lat' dir='ltr'>Etenim,</span> <span class='ocrx_word' id='word_1_185' title='bbox 811 1639 843 1678; x_wconf 84' lang='lat' dir='ltr'>si</span> <span class='ocrx_word' id='word_1_186' title='bbox 863 1639 1113 1692; x_wconf 85' lang='lat' dir='ltr'>largitionem</span> <span class='ocrx_word' id='word_1_187' title='bbox 1134 1640 1279 1679; x_wconf 86' lang='lat' dir='ltr'>factam</span> 
     </span>
     <span class='ocr_line' id='line_1_25' title="bbox 85 1693 1276 1755; baseline -0.001 -10"><span class='ocrx_word' id='word_1_188' title='bbox 85 1718 168 1745; x_wconf 88' lang='lat' dir='ltr'>esse</span> <span class='ocrx_word' id='word_1_189' title='bbox 201 1705 408 1744; x_wconf 89' lang='lat' dir='ltr'>confiterer</span> <span class='ocrx_word' id='word_1_190' title='bbox 382 1693 557 1755; x_wconf 78' lang='lat' dir='ltr'>idque</span> <span class='ocrx_word' id='word_1_191' title='bbox 590 1708 694 1743; x_wconf 88' lang='lat' dir='ltr'>recte</span> <span class='ocrx_word' id='word_1_192' title='bbox 722 1704 871 1743; x_wconf 88' lang='lat' dir='ltr'>factum</span> <span class='ocrx_word' id='word_1_193' title='bbox 900 1717 983 1743; x_wconf 89' lang='lat' dir='ltr'>esse</span> <span class='ocrx_word' id='word_1_194' title='bbox 1011 1704 1276 1753; x_wconf 82' lang='lat' dir='ltr'>defenderem,</span> 
     </span>
     <span class='ocr_line' id='line_1_26' title="bbox 85 1768 1279 1820; baseline -0.001 -11"><span class='ocrx_word' id='word_1_195' title='bbox 85 1769 252 1809; x_wconf 83' lang='lat' dir='ltr'>facerem</span> <span class='ocrx_word' id='word_1_196' title='bbox 284 1769 473 1820; x_wconf 88' lang='lat' dir='ltr'>improbe,</span> <span class='ocrx_word' id='word_1_197' title='bbox 506 1768 661 1807; x_wconf 88' lang='lat' dir='ltr'>etiamsi</span> <span class='ocrx_word' id='word_1_198' title='bbox 690 1768 791 1807; x_wconf 88' lang='lat' dir='ltr'>alius</span> <span class='ocrx_word' id='word_1_199' title='bbox 823 1768 950 1820; x_wconf 87' lang='lat' dir='ltr'>legem</span> <span class='ocrx_word' id='word_1_200' title='bbox 979 1768 1160 1808; x_wconf 86' lang='lat' dir='ltr'>tulisset:</span> <span class='ocrx_word' id='word_1_201' title='bbox 1190 1783 1279 1808; x_wconf 88' lang='lat' dir='ltr'>cum</span> 
     </span>
    </p>

    <p class='ocr_par' dir='ltr' id='par_1_5' title="bbox 2 1829 1390 1950">
     <span class='ocr_line' id='line_1_27' title="bbox 2 1829 1283 1890; baseline -0.002 -16"><span class='ocrx_word' id='word_1_202' title='bbox 2 1829 179 1890; x_wconf 36' lang='lat' dir='ltr'>five-120</span> <span class='ocrx_word' id='word_1_203' title='bbox 210 1833 310 1873; x_wconf 87' lang='lat' dir='ltr'>nihil</span> <span class='ocrx_word' id='word_1_204' title='bbox 344 1833 594 1872; x_wconf 87' lang='lat' dir='ltr'>commissum</span> <span class='ocrx_word' id='word_1_205' title='bbox 625 1837 762 1872; x_wconf 87' lang='lat' dir='ltr'>contra</span> <span class='ocrx_word' id='word_1_206' title='bbox 789 1832 915 1884; x_wconf 83' lang='lat' dir='ltr'>legem</span> <span class='ocrx_word' id='word_1_207' title='bbox 944 1846 1027 1872; x_wconf 87' lang='lat' dir='ltr'>esse</span> <span class='ocrx_word' id='word_1_208' title='bbox 1056 1833 1283 1882; x_wconf 86' lang='lat' dir='ltr'>defendam,-</span> 
     </span>
     <span class='ocr_line' id='line_1_28' title="bbox 86 1897 1282 1953; baseline -0.001 -16"><span class='ocrx_word' id='word_1_209' title='bbox 86 1898 182 1950; x_wconf 88' lang='lat' dir='ltr'>quid</span> <span class='ocrx_word' id='word_1_210' title='bbox 219 1903 289 1947; x_wconf 81' lang='lat' dir='ltr'>est,</span> <span class='ocrx_word' id='word_1_211' title='bbox 329 1897 435 1949; x_wconf 93' lang='lat' dir='ltr'>quod</span> <span class='ocrx_word' id='word_1_212' title='bbox 473 1910 601 1936; x_wconf 88' lang='lat' dir='ltr'>meam</span> <span class='ocrx_word' id='word_1_213' title='bbox 639 1897 908 1936; x_wconf 88' lang='lat' dir='ltr'>defensionem</span> <span class='ocrx_word' id='word_1_214' title='bbox 946 1897 1042 1936; x_wconf 89' lang='lat' dir='ltr'>latio</span> <span class='ocrx_word' id='word_1_215' title='bbox 1011 1897 1175 1953; x_wconf 25' lang='lat' dir='ltr'>&amp;legis</span> <span class='ocrx_word' id='word_1_216' title='bbox 1212 1898 1282 1936; x_wconf 90' lang='lat' dir='ltr'>im·</span> 
     </span>
    </p>

    <p class='ocr_par' dir='ltr' id='par_1_6' title="bbox 21 1959 1381 2035">
     <span class='ocr_line' id='line_1_29' title="bbox 21 1959 1381 2035; baseline -0.001 -33"><span class='ocrx_word' id='word_1_217' title='bbox 21 1962 250 2035; x_wconf 38' lang='lat' dir='ltr'>&lt;spediat‘l</span> <span class='ocrx_word' id='word_1_218' title='bbox 307 1962 438 2015; x_wconf 77' lang='lat' dir='ltr'>Negat</span> <span class='ocrx_word' id='word_1_219' title='bbox 471 1975 554 2001; x_wconf 84' lang='lat' dir='ltr'>esse</span> <span class='ocrx_word' id='word_1_220' title='bbox 588 1961 764 2000; x_wconf 89' lang='lat' dir='ltr'>eiusdem</span> <span class='ocrx_word' id='word_1_221' title='bbox 797 1962 1031 2010; x_wconf 85' lang='lat' dir='ltr'>severitatis,</span> <span class='ocrx_word' id='word_1_222' title='bbox 1068 1962 1280 2002; x_wconf 83' lang='lat' dir='ltr'>Catilinam</span> <span class='ocrx_word' id='word_1_223' title='bbox 1299 1959 1345 2001; x_wconf 68' lang='grc'>64</span> <span class='ocrx_word' id='word_1_224' title='bbox 1379 2013 1381 2018; x_wconf 18' lang='lat'><strong>¹</strong></span> 
     </span>
    </p>

    <p class='ocr_par' dir='ltr' id='par_1_7' title="bbox 5 2026 1283 2207">
     <span class='ocr_line' id='line_1_30' title="bbox 5 2026 1282 2082; baseline 0 -15"><span class='ocrx_word' id='word_1_225' title='bbox 5 2035 42 2055; x_wconf 47' lang='grc' dir='ltr'>ι’</span> <span class='ocrx_word' id='word_1_226' title='bbox 86 2027 254 2082; x_wconf 64' lang='lat' dir='ltr'>exitium</span> <span class='ocrx_word' id='word_1_227' title='bbox 281 2027 338 2066; x_wconf 88' lang='lat' dir='ltr'>rei</span> <span class='ocrx_word' id='word_1_228' title='bbox 365 2026 544 2080; x_wconf 80' lang='lat' dir='ltr'>publicae</span> <span class='ocrx_word' id='word_1_229' title='bbox 572 2026 679 2065; x_wconf 88' lang='lat' dir='ltr'>intra</span> <span class='ocrx_word' id='word_1_230' title='bbox 706 2026 861 2065; x_wconf 88' lang='lat' dir='ltr'>moenia</span> <span class='ocrx_word' id='word_1_231' title='bbox 889 2027 1118 2079; x_wconf 65' lang='lat' dir='ltr'>molientem</span> <span class='ocrx_word' id='word_1_232' title='bbox 1151 2027 1282 2067; x_wconf 89' lang='lat' dir='ltr'>verbis</span> 
     </span>
     <span class='ocr_line' id='line_1_31' title="bbox 89 2085 1279 2142; baseline 0.001 -12"><span class='ocrx_word' id='word_1_233' title='bbox 89 2097 129 2131; x_wconf 90' lang='lat' dir='ltr'>et</span> <span class='ocrx_word' id='word_1_234' title='bbox 155 2085 280 2142; x_wconf 77' lang='lat' dir='ltr'>paene</span> <span class='ocrx_word' id='word_1_235' title='bbox 308 2091 474 2142; x_wconf 81' lang='lat' dir='ltr'>imperio</span> <span class='ocrx_word' id='word_1_236' title='bbox 504 2104 554 2130; x_wconf 85' lang='lat' dir='ltr'>ex</span> <span class='ocrx_word' id='word_1_237' title='bbox 582 2091 679 2129; x_wconf 91' lang='lat' dir='ltr'>urbe</span> <span class='ocrx_word' id='word_1_238' title='bbox 708 2090 906 2142; x_wconf 84' lang='lat' dir='ltr'>expulisse</span> <span class='ocrx_word' id='word_1_239' title='bbox 935 2096 975 2129; x_wconf 91' lang='lat' dir='ltr'>et</span> <span class='ocrx_word' id='word_1_240' title='bbox 1003 2104 1107 2130; x_wconf 86' lang='lat' dir='ltr'>nunc</span> <span class='ocrx_word' id='word_1_241' title='bbox 1136 2105 1207 2142; x_wconf 91' lang='lat' dir='ltr'>pro</span> <span class='ocrx_word' id='word_1_242' title='bbox 1236 2092 1279 2131; x_wconf 89' lang='lat' dir='ltr'>L.</span> 
     </span>
     <span class='ocr_line' id='line_1_32' title="bbox 88 2153 1283 2207; baseline 0 -12"><span class='ocrx_word' id='word_1_243' title='bbox 88 2153 258 2195; x_wconf 86' lang='lat' dir='ltr'>Murena</span> <span class='ocrx_word' id='word_1_244' title='bbox 289 2155 428 2196; x_wconf 86' lang='lat' dir='ltr'>dicere.</span> <span class='ocrx_word' id='word_1_245' title='bbox 486 2155 571 2207; x_wconf 87' lang='lat' dir='ltr'>Ego</span> <span class='ocrx_word' id='word_1_246' title='bbox 604 2159 736 2194; x_wconf 87' lang='lat' dir='ltr'>autem</span> <span class='ocrx_word' id='word_1_247' title='bbox 770 2155 841 2194; x_wconf 85' lang='lat' dir='ltr'>has</span> <span class='ocrx_word' id='word_1_248' title='bbox 873 2161 1006 2206; x_wconf 85' lang='lat' dir='ltr'>partes</span> <span class='ocrx_word' id='word_1_249' title='bbox 1035 2155 1212 2195; x_wconf 83' lang='lat' dir='ltr'>lenitatis</span> <span class='ocrx_word' id='word_1_250' title='bbox 1243 2161 1283 2195; x_wconf 89' lang='lat' dir='ltr'>et</span> 
     </span>
    </p>
   </div>
   <div class='ocr_carea' id='block_1_3' title="bbox 90 2218 1284 2272">
    <p class='ocr_par' dir='ltr' id='par_1_8' title="bbox 90 2218 1284 2272">
     <span class='ocr_line' id='line_1_33' title="bbox 90 2218 1284 2272; baseline 0 -12"><span class='ocrx_word' id='word_1_251' title='bbox 90 2218 389 2267; x_wconf 83' lang='lat' dir='ltr'>misericordiae,</span> <span class='ocrx_word' id='word_1_252' title='bbox 429 2233 526 2270; x_wconf 85' lang='lat' dir='ltr'>quas</span> <span class='ocrx_word' id='word_1_253' title='bbox 563 2233 624 2257; x_wconf 91' lang='lat' dir='ltr'>me</span> <span class='ocrx_word' id='word_1_254' title='bbox 655 2224 797 2262; x_wconf 77' lang='lat' dir='ltr'>natura</span> <span class='ocrx_word' id='word_1_255' title='bbox 834 2219 919 2270; x_wconf 86' lang='lat' dir='ltr'>ipsa</span> <span class='ocrx_word' id='word_1_256' title='bbox 952 2219 1096 2267; x_wconf 88' lang='lat' dir='ltr'>docuit,</span> <span class='ocrx_word' id='word_1_257' title='bbox 1129 2233 1284 2272; x_wconf 89' lang='lat' dir='ltr'>semper</span> 
     </span>
    </p>
   </div>
   <div class='ocr_carea' id='block_1_4' title="bbox 32 2314 223 2343">
    <p class='ocr_par' dir='ltr' id='par_1_9' title="bbox 32 2314 223 2343">
     <span class='ocr_line' id='line_1_34' title="bbox 32 2314 223 2343; baseline -0.01 0"><span class='ocrx_word' id='word_1_258' title='bbox 32 2314 223 2343; x_wconf 53' lang='grc' dir='ltr'>”1“’«-·”’.ι</span> 
     </span>
    </p>
   </div>
  </div>
 </body>
</html>
