<?xml version="1.0" encoding="UTF-8"?>
<!DOCTYPE html PUBLIC "-//W3C//DTD XHTML 1.0 Transitional//EN"
    "http://www.w3.org/TR/xhtml1/DTD/xhtml1-transitional.dtd">
<html xmlns="http://www.w3.org/1999/xhtml" xml:lang="en" lang="en">
 <head>
  <title>
</title>
<meta http-equiv="Content-Type" content="text/html;charset=utf-8" />
  <meta name='ocr-system' content='tesseract 3.04.00' />
  <meta name='ocr-capabilities' content='ocr_page ocr_carea ocr_par ocr_line ocrx_word'/>
</head>
<body>
  <div class='ocr_page' id='page_1' title='image "./prolmurenaoratio00cice/prolmurenaoratio00cice_0058.png"; bbox 0 0 1462 2398; ppageno 0'>
   <div class='ocr_carea' id='block_1_1' title="bbox 161 126 986 167">
    <p class='ocr_par' dir='ltr' id='par_1_1' title="bbox 161 126 986 167">
     <span class='ocr_line' id='line_1_1' title="bbox 161 126 986 167; baseline 0.001 -2"><span class='ocrx_word' id='word_1_1' title='bbox 161 128 211 165; x_wconf 84' lang='lat'>20</span> <span class='ocrx_word' id='word_1_2' title='bbox 525 127 630 167; x_wconf 75' lang='lat' dir='ltr'>PRO</span> <span class='ocrx_word' id='word_1_3' title='bbox 657 127 698 167; x_wconf 90' lang='lat' dir='ltr'>L.</span> <span class='ocrx_word' id='word_1_4' title='bbox 730 126 986 166; x_wconf 82' lang='lat' dir='ltr'><em>MURE&#39;NA.</em></span> 
     </span>
    </p>
   </div>
   <div class='ocr_carea' id='block_1_2' title="bbox 90 225 1417 2148">
    <p class='ocr_par' dir='ltr' id='par_1_2' title="bbox 159 225 1357 416">
     <span class='ocr_line' id='line_1_2' title="bbox 159 225 1357 278; baseline -0.001 -12"><span class='ocrx_word' id='word_1_5' title='bbox 159 232 199 266; x_wconf 89' lang='lat' dir='ltr'>et</span> <span class='ocrx_word' id='word_1_6' title='bbox 217 228 318 266; x_wconf 87' lang='lat' dir='ltr'>hane</span> <span class='ocrx_word' id='word_1_7' title='bbox 339 229 422 267; x_wconf 87' lang='lat' dir='ltr'>eius</span> <span class='ocrx_word' id='word_1_8' title='bbox 442 241 601 278; x_wconf 87' lang='lat' dir='ltr'>operam</span> <span class='ocrx_word' id='word_1_9' title='bbox 621 241 700 267; x_wconf 91' lang='lat' dir='ltr'>non</span> <span class='ocrx_word' id='word_1_10' title='bbox 729 228 858 266; x_wconf 89' lang='lat' dir='ltr'>minus</span> <span class='ocrx_word' id='word_1_11' title='bbox 888 227 938 266; x_wconf 89' lang='lat' dir='ltr'>ad</span> <span class='ocrx_word' id='word_1_12' title='bbox 967 227 1214 266; x_wconf 86' lang='lat' dir='ltr'>consulatum</span> <span class='ocrx_word' id='word_1_13' title='bbox 1235 225 1357 277; x_wconf 89' lang='lat' dir='ltr'>adipi·</span> 
     </span>
     <span class='ocr_line' id='line_1_3' title="bbox 159 291 1355 344; baseline -0.002 -12"><span class='ocrx_word' id='word_1_14' title='bbox 159 292 348 332; x_wconf 90' lang='lat' dir='ltr'>scendum</span> <span class='ocrx_word' id='word_1_15' title='bbox 387 306 505 344; x_wconf 90' lang='lat' dir='ltr'>quam</span> <span class='ocrx_word' id='word_1_16' title='bbox 543 293 644 332; x_wconf 91' lang='lat' dir='ltr'>hanc</span> <span class='ocrx_word' id='word_1_17' title='bbox 681 297 857 332; x_wconf 87' lang='lat' dir='ltr'>nostram</span> <span class='ocrx_word' id='word_1_18' title='bbox 890 292 1086 332; x_wconf 87' lang='lat' dir='ltr'>forensem</span> <span class='ocrx_word' id='word_1_19' title='bbox 1118 291 1355 331; x_wconf 74' lang='lat' dir='ltr'><strong>industriam</strong></span> 
     </span>
     <span class='ocr_line' id='line_1_4' title="bbox 159 357 581 416; baseline 0 -20"><span class='ocrx_word' id='word_1_20' title='bbox 159 358 365 416; x_wconf 60' lang='lat' dir='ltr'>dign-itatis</span> <span class='ocrx_word' id='word_1_21' title='bbox 385 357 581 397; x_wconf 84' lang='lat' dir='ltr'><strong>habuisse.</strong></span> 
     </span>
    </p>

    <p class='ocr_par' dir='ltr' id='par_1_3' title="bbox 90 422 1359 862">
     <span class='ocr_line' id='line_1_5' title="bbox 90 422 1358 475; baseline -0.002 -12"><span class='ocrx_word' id='word_1_22' title='bbox 90 422 142 464; x_wconf 87' lang='lat'>35</span> <span class='ocrx_word' id='word_1_23' title='bbox 214 422 346 462; x_wconf 88' lang='lat' dir='ltr'>XVII.</span> <span class='ocrx_word' id='word_1_24' title='bbox 381 423 459 462; x_wconf 91' lang='lat' dir='ltr'>‘At</span> <span class='ocrx_word' id='word_1_25' title='bbox 492 423 598 462; x_wconf 92' lang='lat' dir='ltr'>enim</span> <span class='ocrx_word' id='word_1_26' title='bbox 629 423 670 462; x_wconf 90' lang='lat' dir='ltr'>in</span> <span class='ocrx_word' id='word_1_27' title='bbox 703 426 912 474; x_wconf 83' lang='lat' dir='ltr'>praeturae</span> <span class='ocrx_word' id='word_1_28' title='bbox 942 423 1136 475; x_wconf 81' lang='lat' dir='ltr'>petitione</span> <span class='ocrx_word' id='word_1_29' title='bbox 1167 422 1275 473; x_wconf 88' lang='lat' dir='ltr'>prior</span> <span class='ocrx_word' id='word_1_30' title='bbox 1303 435 1358 460; x_wconf 89' lang='lat' dir='ltr'>re—</span> 
     </span>
     <span class='ocr_line' id='line_1_6' title="bbox 160 486 1358 539; baseline -0.002 -13"><span class='ocrx_word' id='word_1_31' title='bbox 160 487 367 526; x_wconf 87' lang='lat' dir='ltr'>nuntiatus</span> <span class='ocrx_word' id='word_1_32' title='bbox 409 492 469 527; x_wconf 88' lang='lat' dir='ltr'>est</span> <span class='ocrx_word' id='word_1_33' title='bbox 516 486 701 527; x_wconf 84' lang='lat' dir='ltr'>Servius.&#39;</span> <span class='ocrx_word' id='word_1_34' title='bbox 771 487 995 538; x_wconf 86' lang='lat' dir='ltr'>Pergitisne</span> <span class='ocrx_word' id='word_1_35' title='bbox 1037 500 1107 527; x_wconf 89' lang='lat' dir='ltr'>vos</span> <span class='ocrx_word' id='word_1_36' title='bbox 1154 490 1358 539; x_wconf 76' lang='lat' dir='ltr'>tamquam</span> 
     </span>
     <span class='ocr_line' id='line_1_7' title="bbox 161 551 1357 606; baseline -0.001 -16"><span class='ocrx_word' id='word_1_37' title='bbox 161 565 211 590; x_wconf 84' lang='lat' dir='ltr'>ex</span> <span class='ocrx_word' id='word_1_38' title='bbox 248 551 473 606; x_wconf 75' lang='lat' dir='ltr'>syngrapha</span> <span class='ocrx_word' id='word_1_39' title='bbox 509 565 624 602; x_wconf 86' lang='lat' dir='ltr'>agere</span> <span class='ocrx_word' id='word_1_40' title='bbox 663 565 750 590; x_wconf 85' lang='lat' dir='ltr'>cum</span> <span class='ocrx_word' id='word_1_41' title='bbox 789 551 947 603; x_wconf 87' lang='lat' dir='ltr'>populo,</span> <span class='ocrx_word' id='word_1_42' title='bbox 987 556 1044 600; x_wconf 91' lang='lat' dir='ltr'>ut,</span> <span class='ocrx_word' id='word_1_43' title='bbox 1077 565 1195 603; x_wconf 86' lang='lat' dir='ltr'>quem</span> <span class='ocrx_word' id='word_1_44' title='bbox 1227 551 1357 590; x_wconf 86' lang='lat' dir='ltr'>locum</span> 
     </span>
     <span class='ocr_line' id='line_1_8' title="bbox 161 614 1358 669; baseline 0 -15"><span class='ocrx_word' id='word_1_45' title='bbox 161 616 280 654; x_wconf 90' lang='lat' dir='ltr'>semel</span> <span class='ocrx_word' id='word_1_46' title='bbox 313 616 472 655; x_wconf 84' lang='lat' dir='ltr'>honoris</span> <span class='ocrx_word' id='word_1_47' title='bbox 507 616 677 669; x_wconf 52' lang='lat' dir='ltr'>cuipiam</span> <span class='ocrx_word' id='word_1_48' title='bbox 715 615 880 664; x_wconf 91' lang='lat' dir='ltr'>dederit,</span> <span class='ocrx_word' id='word_1_49' title='bbox 917 617 1085 656; x_wconf 86' lang='lat' dir='ltr'>eundem</span> <span class='ocrx_word' id='word_1_50' title='bbox 1117 617 1159 655; x_wconf 92' lang='lat' dir='ltr'>in</span> <span class='ocrx_word' id='word_1_51' title='bbox 1195 614 1358 667; x_wconf 84' lang='lat' dir='ltr'>reliquis</span> 
     </span>
     <span class='ocr_line' id='line_1_9' title="bbox 161 679 1359 732; baseline -0.001 -13"><span class='ocrx_word' id='word_1_52' title='bbox 161 681 377 719; x_wconf 78' lang='lat' dir='ltr'>honoribus</span> <span class='ocrx_word' id='word_1_53' title='bbox 407 681 582 732; x_wconf 16' lang='lat' dir='ltr'>debeat-&#39;3</span> <span class='ocrx_word' id='word_1_54' title='bbox 638 680 754 729; x_wconf 78' lang='lat' dir='ltr'>Quod</span> <span class='ocrx_word' id='word_1_55' title='bbox 784 681 891 720; x_wconf 89' lang='lat' dir='ltr'>enim</span> <span class='ocrx_word' id='word_1_56' title='bbox 919 681 1076 730; x_wconf 85' lang='lat' dir='ltr'>fretum,</span> <span class='ocrx_word' id='word_1_57' title='bbox 1101 694 1219 732; x_wconf 89' lang='lat' dir='ltr'>quem</span> <span class='ocrx_word' id='word_1_58' title='bbox 1247 679 1359 719; x_wconf 63' lang='lat' dir='ltr'>Euri.</span> 
     </span>
     <span class='ocr_line' id='line_1_10' title="bbox 161 744 1358 796; baseline -0.002 -12"><span class='ocrx_word' id='word_1_59' title='bbox 161 758 257 796; x_wconf 89' lang='lat' dir='ltr'>pum</span> <span class='ocrx_word' id='word_1_60' title='bbox 289 750 351 784; x_wconf 91' lang='lat' dir='ltr'>tot</span> <span class='ocrx_word' id='word_1_61' title='bbox 388 752 530 793; x_wconf 88' lang='lat' dir='ltr'>motus,</span> <span class='ocrx_word' id='word_1_62' title='bbox 570 749 713 793; x_wconf 89' lang='lat' dir='ltr'>tantas,</span> <span class='ocrx_word' id='word_1_63' title='bbox 750 750 832 784; x_wconf 90' lang='lat' dir='ltr'>tam</span> <span class='ocrx_word' id='word_1_64' title='bbox 869 745 997 785; x_wconf 86' lang='lat' dir='ltr'>varias</span> <span class='ocrx_word' id='word_1_65' title='bbox 1030 745 1174 785; x_wconf 89' lang='lat' dir='ltr'>habere</span> <span class='ocrx_word' id='word_1_66' title='bbox 1208 744 1358 796; x_wconf 87' lang='lat' dir='ltr'>putatis</span> 
     </span>
     <span class='ocr_line' id='line_1_11' title="bbox 163 810 1359 862; baseline 0 -14"><span class='ocrx_word' id='word_1_67' title='bbox 163 810 398 861; x_wconf 84' lang='lat' dir='ltr'>agitationes</span> <span class='ocrx_word' id='word_1_68' title='bbox 457 810 866 862; x_wconf 70' lang='lat' dir='ltr'>commutationesque</span> <span class='ocrx_word' id='word_1_69' title='bbox 924 811 1128 859; x_wconf 87' lang='lat' dir='ltr'>fluctuum,</span> <span class='ocrx_word' id='word_1_70' title='bbox 1189 813 1359 861; x_wconf 87' lang='lat' dir='ltr'>quantas</span> 
     </span>
    </p>

    <p class='ocr_par' dir='ltr' id='par_1_4' title="bbox 124 874 1361 1314">
     <span class='ocr_line' id='line_1_12' title="bbox 124 874 1360 930; baseline 0 -17"><span class='ocrx_word' id='word_1_71' title='bbox 124 898 130 901; x_wconf 60' lang='lat'>&lt;</span> <span class='ocrx_word' id='word_1_72' title='bbox 164 875 479 929; x_wconf 43' lang='lat' dir='ltr'>perturb-ationes</span> <span class='ocrx_word' id='word_1_73' title='bbox 512 881 552 914; x_wconf 89' lang='lat' dir='ltr'>et</span> <span class='ocrx_word' id='word_1_74' title='bbox 590 880 759 926; x_wconf 89' lang='lat' dir='ltr'>quantos</span> <span class='ocrx_word' id='word_1_75' title='bbox 792 879 925 930; x_wconf 70' lang='lat' dir='ltr'>aestus</span> <span class='ocrx_word' id='word_1_76' title='bbox 957 875 1079 915; x_wconf 84' lang='lat' dir='ltr'>habet</span> <span class='ocrx_word' id='word_1_77' title='bbox 1110 875 1212 926; x_wconf 84' lang='lat' dir='ltr'>ratio</span> <span class='ocrx_word' id='word_1_78' title='bbox 1245 874 1360 914; x_wconf 90' lang='lat' dir='ltr'>comi-</span> 
     </span>
     <span class='ocr_line' id='line_1_13' title="bbox 162 939 1360 990; baseline -0.001 -12"><span class='ocrx_word' id='word_1_79' title='bbox 162 940 335 978; x_wconf 66' lang='lat' dir='ltr'>tiorum?</span> <span class='ocrx_word' id='word_1_80' title='bbox 392 939 488 978; x_wconf 84' lang='lat' dir='ltr'>Dies</span> <span class='ocrx_word' id='word_1_81' title='bbox 517 939 766 979; x_wconf 89' lang='lat' dir='ltr'>intermissus</span> <span class='ocrx_word' id='word_1_82' title='bbox 796 953 898 983; x_wconf 87' lang='lat' dir='ltr'>unus</span> <span class='ocrx_word' id='word_1_83' title='bbox 927 944 997 979; x_wconf 90' lang='lat' dir='ltr'>aut</span> <span class='ocrx_word' id='word_1_84' title='bbox 1021 953 1103 979; x_wconf 89' lang='lat' dir='ltr'>nox</span> <span class='ocrx_word' id='word_1_85' title='bbox 1126 939 1360 990; x_wconf 86' lang='lat' dir='ltr'>interposita</span> 
     </span>
     <span class='ocr_line' id='line_1_14' title="bbox 163 1004 1359 1055; baseline 0 -13"><span class='ocrx_word' id='word_1_86' title='bbox 163 1017 277 1054; x_wconf 85' lang='lat' dir='ltr'>saepe</span> <span class='ocrx_word' id='word_1_87' title='bbox 327 1009 368 1043; x_wconf 92' lang='lat' dir='ltr'>et</span> <span class='ocrx_word' id='word_1_88' title='bbox 417 1004 624 1054; x_wconf 86' lang='lat' dir='ltr'>perturbat</span> <span class='ocrx_word' id='word_1_89' title='bbox 674 1004 817 1053; x_wconf 89' lang='lat' dir='ltr'>omnia,</span> <span class='ocrx_word' id='word_1_90' title='bbox 869 1009 910 1044; x_wconf 90' lang='lat' dir='ltr'>et</span> <span class='ocrx_word' id='word_1_91' title='bbox 960 1008 1088 1043; x_wconf 88' lang='lat' dir='ltr'>totam</span> <span class='ocrx_word' id='word_1_92' title='bbox 1133 1004 1359 1055; x_wconf 63' lang='lat' dir='ltr'>opinionem</span> 
     </span>
     <span class='ocr_line' id='line_1_15' title="bbox 164 1068 1360 1120; baseline -0.001 -13"><span class='ocrx_word' id='word_1_93' title='bbox 164 1082 285 1120; x_wconf 86' lang='lat' dir='ltr'>parva</span> <span class='ocrx_word' id='word_1_94' title='bbox 311 1082 609 1120; x_wconf 84' lang='lat' dir='ltr'>nonnumquam</span> <span class='ocrx_word' id='word_1_95' title='bbox 634 1074 852 1108; x_wconf 87' lang='lat' dir='ltr'>commutat</span> <span class='ocrx_word' id='word_1_96' title='bbox 880 1082 975 1108; x_wconf 89' lang='lat' dir='ltr'>aura</span> <span class='ocrx_word' id='word_1_97' title='bbox 999 1068 1176 1108; x_wconf 86' lang='lat' dir='ltr'>rumoris.</span> <span class='ocrx_word' id='word_1_98' title='bbox 1236 1068 1360 1119; x_wconf 84' lang='lat' dir='ltr'>Saepe</span> 
     </span>
     <span class='ocr_line' id='line_1_16' title="bbox 163 1133 1361 1185; baseline 0 -13"><span class='ocrx_word' id='word_1_99' title='bbox 163 1134 283 1173; x_wconf 86' lang='lat' dir='ltr'>etiam</span> <span class='ocrx_word' id='word_1_100' title='bbox 317 1134 399 1172; x_wconf 88' lang='lat' dir='ltr'>sine</span> <span class='ocrx_word' id='word_1_101' title='bbox 432 1133 514 1172; x_wconf 90' lang='lat' dir='ltr'>ulla</span> <span class='ocrx_word' id='word_1_102' title='bbox 547 1138 683 1184; x_wconf 91' lang='lat' dir='ltr'>aperta</span> <span class='ocrx_word' id='word_1_103' title='bbox 715 1147 831 1185; x_wconf 82' lang='lat' dir='ltr'>causa</span> <span class='ocrx_word' id='word_1_104' title='bbox 861 1134 907 1172; x_wconf 89' lang='lat' dir='ltr'>fit</span> <span class='ocrx_word' id='word_1_105' title='bbox 940 1133 1046 1172; x_wconf 88' lang='lat' dir='ltr'>aliud</span> <span class='ocrx_word' id='word_1_106' title='bbox 1080 1137 1198 1184; x_wconf 85' lang='lat' dir='ltr'>atque</span> <span class='ocrx_word' id='word_1_107' title='bbox 1229 1133 1361 1172; x_wconf 85' lang='lat' dir='ltr'>existi-</span> 
     </span>
     <span class='ocr_line' id='line_1_17' title="bbox 164 1197 1360 1249; baseline -0.001 -12"><span class='ocrx_word' id='word_1_108' title='bbox 164 1198 294 1246; x_wconf 88' lang='lat' dir='ltr'>maris,</span> <span class='ocrx_word' id='word_1_109' title='bbox 344 1203 390 1237; x_wconf 93' lang='lat' dir='ltr'>ut</span> <span class='ocrx_word' id='word_1_110' title='bbox 441 1211 739 1249; x_wconf 88' lang='lat' dir='ltr'>nonnumquam</span> <span class='ocrx_word' id='word_1_111' title='bbox 794 1199 852 1237; x_wconf 85' lang='lat' dir='ltr'>ita</span> <span class='ocrx_word' id='word_1_112' title='bbox 906 1198 1056 1237; x_wconf 87' lang='lat' dir='ltr'>factum</span> <span class='ocrx_word' id='word_1_113' title='bbox 1107 1210 1191 1237; x_wconf 89' lang='lat' dir='ltr'>esse</span> <span class='ocrx_word' id='word_1_114' title='bbox 1241 1197 1360 1236; x_wconf 86' lang='lat' dir='ltr'>etiam</span> 
     </span>
     <span class='ocr_line' id='line_1_18' title="bbox 166 1262 1358 1314; baseline -0.002 -12"><span class='ocrx_word' id='word_1_115' title='bbox 166 1263 333 1314; x_wconf 89' lang='lat' dir='ltr'>populus</span> <span class='ocrx_word' id='word_1_116' title='bbox 380 1263 609 1311; x_wconf 84' lang='lat' dir='ltr'>admiretur,</span> <span class='ocrx_word' id='word_1_117' title='bbox 655 1263 767 1314; x_wconf 88' lang='lat' dir='ltr'>quasi</span> <span class='ocrx_word' id='word_1_118' title='bbox 815 1276 908 1302; x_wconf 87' lang='lat' dir='ltr'>vero</span> <span class='ocrx_word' id='word_1_119' title='bbox 955 1275 1035 1301; x_wconf 91' lang='lat' dir='ltr'>non</span> <span class='ocrx_word' id='word_1_120' title='bbox 1081 1262 1165 1313; x_wconf 90' lang='lat' dir='ltr'>ipse</span> <span class='ocrx_word' id='word_1_121' title='bbox 1210 1262 1358 1304; x_wconf 77' lang='lat' dir='ltr'>fecerit.</span> 
     </span>
    </p>

    <p class='ocr_par' dir='ltr' id='par_1_5' title="bbox 94 1323 1417 2148">
     <span class='ocr_line' id='line_1_19' title="bbox 94 1323 1360 1379; baseline 0.002 -16"><span class='ocrx_word' id='word_1_122' title='bbox 94 1323 146 1364; x_wconf 87' lang='lat'>36</span> <span class='ocrx_word' id='word_1_123' title='bbox 165 1328 278 1367; x_wconf 86' lang='lat' dir='ltr'>Nihil</span> <span class='ocrx_word' id='word_1_124' title='bbox 306 1332 366 1366; x_wconf 85' lang='lat' dir='ltr'>est</span> <span class='ocrx_word' id='word_1_125' title='bbox 398 1327 588 1366; x_wconf 82' lang='lat' dir='ltr'>incertius</span> <span class='ocrx_word' id='word_1_126' title='bbox 622 1327 751 1379; x_wconf 84' lang='lat' dir='ltr'>vulgo,</span> <span class='ocrx_word' id='word_1_127' title='bbox 783 1327 885 1366; x_wconf 90' lang='lat' dir='ltr'>nihil</span> <span class='ocrx_word' id='word_1_128' title='bbox 918 1326 1122 1366; x_wconf 89' lang='lat' dir='ltr'>obscurius</span> <span class='ocrx_word' id='word_1_129' title='bbox 1154 1326 1360 1366; x_wconf 84' lang='lat' dir='ltr'>voluntate</span> 
     </span>
     <span class='ocr_line' id='line_1_20' title="bbox 165 1383 1358 1439; baseline -0.001 -8"><span class='ocrx_word' id='word_1_130' title='bbox 165 1393 381 1439; x_wconf 91' lang='lat' dir='ltr'>hominum,</span> <span class='ocrx_word' id='word_1_131' title='bbox 422 1392 523 1430; x_wconf 90' lang='lat' dir='ltr'>nihil</span> <span class='ocrx_word' id='word_1_132' title='bbox 565 1391 741 1431; x_wconf 84' lang='lat' dir='ltr'>fallacius</span> <span class='ocrx_word' id='word_1_133' title='bbox 778 1392 931 1430; x_wconf 90' lang='lat' dir='ltr'>ratione</span> <span class='ocrx_word' id='word_1_134' title='bbox 968 1383 1069 1431; x_wconf 47' lang='lat' dir='ltr'>tota*</span> <span class='ocrx_word' id='word_1_135' title='bbox 1096 1391 1358 1431; x_wconf 87' lang='lat' dir='ltr'>comitiorum.</span> 
     </span>
     <span class='ocr_line' id='line_1_21' title="bbox 165 1453 1359 1508; baseline 0 -16"><span class='ocrx_word' id='word_1_136' title='bbox 165 1455 262 1503; x_wconf 78' lang='lat' dir='ltr'>Quis</span> <span class='ocrx_word' id='word_1_137' title='bbox 299 1454 343 1493; x_wconf 91' lang='lat' dir='ltr'>L.</span> <span class='ocrx_word' id='word_1_138' title='bbox 380 1454 613 1505; x_wconf 89' lang='lat' dir='ltr'>Philippum</span> <span class='ocrx_word' id='word_1_139' title='bbox 651 1467 806 1492; x_wconf 88' lang='lat' dir='ltr'>summo</span> <span class='ocrx_word' id='word_1_140' title='bbox 842 1453 1012 1508; x_wconf 59' lang='lat' dir='ltr'>ingenio,</span> <span class='ocrx_word' id='word_1_141' title='bbox 1051 1466 1182 1504; x_wconf 87' lang='lat' dir='ltr'>opera,</span> <span class='ocrx_word' id='word_1_142' title='bbox 1220 1453 1359 1505; x_wconf 82' lang='lat' dir='ltr'>gratia,</span> 
     </span>
     <span class='ocr_line' id='line_1_22' title="bbox 164 1517 1362 1574; baseline -0.001 -17"><span class='ocrx_word' id='word_1_143' title='bbox 164 1518 374 1574; x_wconf 61' lang='lat' dir='ltr'>nobilitate</span> <span class='ocrx_word' id='word_1_144' title='bbox 407 1532 429 1558; x_wconf 88' lang='lat' dir='ltr'>a</span> <span class='ocrx_word' id='word_1_145' title='bbox 462 1519 517 1556; x_wconf 90' lang='lat' dir='ltr'>M.</span> <span class='ocrx_word' id='word_1_146' title='bbox 556 1518 759 1558; x_wconf 90' lang='lat' dir='ltr'>Herennio</span> <span class='ocrx_word' id='word_1_147' title='bbox 791 1518 968 1569; x_wconf 90' lang='lat' dir='ltr'>superari</span> <span class='ocrx_word' id='word_1_148' title='bbox 1000 1531 1114 1569; x_wconf 86' lang='lat' dir='ltr'>posse</span> <span class='ocrx_word' id='word_1_149' title='bbox 1145 1517 1362 1558; x_wconf 84' lang='lat' dir='ltr'>arbitratus</span> 
     </span>
     <span class='ocr_line' id='line_1_23' title="bbox 165 1582 1417 1637; baseline 0.002 -15"><span class='ocrx_word' id='word_1_150' title='bbox 165 1585 256 1623; x_wconf 72' lang='lat' dir='ltr'>est?</span> <span class='ocrx_word' id='word_1_151' title='bbox 302 1583 391 1634; x_wconf 87' lang='lat' dir='ltr'>quis</span> <span class='ocrx_word' id='word_1_152' title='bbox 433 1583 478 1631; x_wconf 81' lang='lat' dir='ltr'>Q.</span> <span class='ocrx_word' id='word_1_153' title='bbox 523 1582 712 1623; x_wconf 87' lang='lat' dir='ltr'>Catulum</span> <span class='ocrx_word' id='word_1_154' title='bbox 753 1582 1013 1637; x_wconf 73' lang='lat' dir='ltr'>humanitate,</span> <span class='ocrx_word' id='word_1_155' title='bbox 1059 1582 1264 1635; x_wconf 84' lang='lat' dir='ltr'>sapientia,</span> <span class='ocrx_word' id='word_1_156' title='bbox 1306 1582 1362 1621; x_wconf 89' lang='lat' dir='ltr'>in·</span> <span class='ocrx_word' id='word_1_157' title='bbox 1415 1623 1417 1625; x_wconf 85' lang='grc'><em>,</em></span> 
     </span>
     <span class='ocr_line' id='line_1_24' title="bbox 165 1639 1359 1700; baseline -0.001 -13"><span class='ocrx_word' id='word_1_158' title='bbox 165 1649 351 1700; x_wconf 84' lang='lat' dir='ltr'>tegritate</span> <span class='ocrx_word' id='word_1_159' title='bbox 402 1647 706 1686; x_wconf 85' lang='lat' dir='ltr'>antecellentem</span> <span class='ocrx_word' id='word_1_160' title='bbox 757 1661 780 1686; x_wconf 84' lang='lat' dir='ltr'>a</span> <span class='ocrx_word' id='word_1_161' title='bbox 827 1647 897 1687; x_wconf 85' lang='lat' dir='ltr'>Cn.</span> <span class='ocrx_word' id='word_1_162' title='bbox 922 1639 925 1642; x_wconf 42' lang='grc'><strong>”</strong></span> <span class='ocrx_word' id='word_1_163' title='bbox 946 1646 1116 1687; x_wconf 70' lang='lat' dir='ltr'>Mallio?</span> <span class='ocrx_word' id='word_1_164' title='bbox 1168 1647 1258 1698; x_wconf 85' lang='lat' dir='ltr'>quis</span> <span class='ocrx_word' id='word_1_165' title='bbox 1303 1647 1359 1687; x_wconf 92' lang='lat' dir='ltr'>M.</span> 
     </span>
     <span class='ocr_line' id='line_1_25' title="bbox 167 1711 1360 1763; baseline -0.001 -11"><span class='ocrx_word' id='word_1_166' title='bbox 167 1713 368 1761; x_wconf 85' lang='lat' dir='ltr'>Scaurum,</span> <span class='ocrx_word' id='word_1_167' title='bbox 411 1712 613 1751; x_wconf 87' lang='lat' dir='ltr'>hominem</span> <span class='ocrx_word' id='word_1_168' title='bbox 654 1711 942 1763; x_wconf 87' lang='lat' dir='ltr'>gravissimum,</span> <span class='ocrx_word' id='word_1_169' title='bbox 982 1711 1108 1750; x_wconf 85' lang='lat' dir='ltr'>civem</span> <span class='ocrx_word' id='word_1_170' title='bbox 1147 1711 1360 1763; x_wconf 83' lang='lat' dir='ltr'>egregium,</span> 
     </span>
     <span class='ocr_line' id='line_1_26' title="bbox 165 1775 1362 1833; baseline 0 -18"><span class='ocrx_word' id='word_1_171' title='bbox 165 1776 426 1816; x_wconf 87' lang='lat' dir='ltr'>fortissimum</span> <span class='ocrx_word' id='word_1_172' title='bbox 454 1780 687 1833; x_wconf 66' lang='lat' dir='ltr'>senatorem,</span> <span class='ocrx_word' id='word_1_173' title='bbox 719 1789 742 1815; x_wconf 84' lang='lat' dir='ltr'>a</span> <span class='ocrx_word' id='word_1_174' title='bbox 774 1775 820 1824; x_wconf 81' lang='lat' dir='ltr'>Q.</span> <span class='ocrx_word' id='word_1_175' title='bbox 855 1775 1062 1814; x_wconf 71' lang='lat' dir='ltr'>Maximo?</span> <span class='ocrx_word' id='word_1_176' title='bbox 1117 1775 1211 1814; x_wconf 89' lang='lat' dir='ltr'>Non</span> <span class='ocrx_word' id='word_1_177' title='bbox 1242 1775 1362 1815; x_wconf 90' lang='lat' dir='ltr'>modo</span> 
     </span>
     <span class='ocr_line' id='line_1_27' title="bbox 166 1839 1364 1891; baseline 0 -11"><span class='ocrx_word' id='word_1_178' title='bbox 166 1842 308 1881; x_wconf 88' lang='lat' dir='ltr'>horum</span> <span class='ocrx_word' id='word_1_179' title='bbox 336 1841 438 1879; x_wconf 90' lang='lat' dir='ltr'>nihil</span> <span class='ocrx_word' id='word_1_180' title='bbox 465 1841 523 1879; x_wconf 88' lang='lat' dir='ltr'>ita</span> <span class='ocrx_word' id='word_1_181' title='bbox 550 1841 634 1880; x_wconf 86' lang='lat' dir='ltr'>fore</span> <span class='ocrx_word' id='word_1_182' title='bbox 663 1844 848 1891; x_wconf 89' lang='lat' dir='ltr'>putatum</span> <span class='ocrx_word' id='word_1_183' title='bbox 877 1844 947 1888; x_wconf 88' lang='lat' dir='ltr'>est,</span> <span class='ocrx_word' id='word_1_184' title='bbox 973 1839 1043 1878; x_wconf 89' lang='lat' dir='ltr'>sed</span> <span class='ocrx_word' id='word_1_185' title='bbox 1070 1852 1121 1878; x_wconf 90' lang='lat' dir='ltr'>ne</span> <span class='ocrx_word' id='word_1_186' title='bbox 1143 1852 1235 1879; x_wconf 90' lang='lat' dir='ltr'>cum</span> <span class='ocrx_word' id='word_1_187' title='bbox 1259 1845 1364 1880; x_wconf 84' lang='lat' dir='ltr'>esset</span> 
     </span>
     <span class='ocr_line' id='line_1_28' title="bbox 165 1895 1363 1958; baseline 0 -13"><span class='ocrx_word' id='word_1_188' title='bbox 165 1907 313 1946; x_wconf 89' lang='lat' dir='ltr'>factum</span> <span class='ocrx_word' id='word_1_189' title='bbox 361 1895 532 1956; x_wconf 85' lang='lat' dir='ltr'>quidem,</span> <span class='ocrx_word' id='word_1_190' title='bbox 577 1917 698 1955; x_wconf 85' lang='lat' dir='ltr'>quare</span> <span class='ocrx_word' id='word_1_191' title='bbox 739 1905 797 1944; x_wconf 89' lang='lat' dir='ltr'>ita</span> <span class='ocrx_word' id='word_1_192' title='bbox 836 1904 985 1943; x_wconf 86' lang='lat' dir='ltr'>factum</span> <span class='ocrx_word' id='word_1_193' title='bbox 1027 1908 1140 1953; x_wconf 86' lang='lat' dir='ltr'>esset,</span> <span class='ocrx_word' id='word_1_194' title='bbox 1185 1903 1363 1958; x_wconf 79' lang='lat' dir='ltr'>intellegi</span> 
     </span>
     <span class='ocr_line' id='line_1_29' title="bbox 163 1968 1364 2023; baseline -0.002 -13"><span class='ocrx_word' id='word_1_195' title='bbox 163 1971 309 2023; x_wconf 87' lang='lat' dir='ltr'>potuit.</span> <span class='ocrx_word' id='word_1_196' title='bbox 381 1970 498 2017; x_wconf 87' lang='lat' dir='ltr'>Nam,</span> <span class='ocrx_word' id='word_1_197' title='bbox 540 1975 585 2008; x_wconf 93' lang='lat' dir='ltr'>ut</span> <span class='ocrx_word' id='word_1_198' title='bbox 627 1973 883 2020; x_wconf 85' lang='lat' dir='ltr'>tempestates</span> <span class='ocrx_word' id='word_1_199' title='bbox 925 1981 1040 2019; x_wconf 82' lang='lat' dir='ltr'>saepe</span> <span class='ocrx_word' id='word_1_200' title='bbox 1082 1973 1189 2011; x_wconf 85' lang='lat' dir='ltr'>certo</span> <span class='ocrx_word' id='word_1_201' title='bbox 1231 1968 1364 2021; x_wconf 78' lang='lat' dir='ltr'>aliquo</span> 
     </span>
     <span class='ocr_line' id='line_1_30' title="bbox 167 2023 1364 2086; baseline -0.001 -11"><span class='ocrx_word' id='word_1_202' title='bbox 167 2023 264 2075; x_wconf 78' lang='lat' dir='ltr'>caeli</span> <span class='ocrx_word' id='word_1_203' title='bbox 293 2035 405 2086; x_wconf 85' lang='lat' dir='ltr'>signo</span> <span class='ocrx_word' id='word_1_204' title='bbox 434 2039 745 2082; x_wconf 87' lang='lat' dir='ltr'>commoventur,</span> <span class='ocrx_word' id='word_1_205' title='bbox 776 2046 891 2084; x_wconf 87' lang='lat' dir='ltr'>saepe</span> <span class='ocrx_word' id='word_1_206' title='bbox 922 2033 1138 2083; x_wconf 87' lang='lat' dir='ltr'>improviso</span> <span class='ocrx_word' id='word_1_207' title='bbox 1171 2033 1282 2074; x_wconf 78' lang='lat' dir='ltr'>nulla</span> <span class='ocrx_word' id='word_1_208' title='bbox 1313 2047 1364 2074; x_wconf 82' lang='lat' dir='ltr'>ex</span> 
     </span>
     <span class='ocr_line' id='line_1_31' title="bbox 167 2097 1361 2148; baseline -0.003 -8"><span class='ocrx_word' id='word_1_209' title='bbox 167 2105 274 2140; x_wconf 87' lang='lat' dir='ltr'>certa</span> <span class='ocrx_word' id='word_1_210' title='bbox 303 2099 466 2146; x_wconf 86' lang='lat' dir='ltr'>ratione,</span> <span class='ocrx_word' id='word_1_211' title='bbox 503 2099 670 2137; x_wconf 84' lang='lat' dir='ltr'>obscura</span> <span class='ocrx_word' id='word_1_212' title='bbox 703 2098 835 2148; x_wconf 89' lang='lat' dir='ltr'>aliqua</span> <span class='ocrx_word' id='word_1_213' title='bbox 867 2110 918 2136; x_wconf 84' lang='lat' dir='ltr'>ex</span> <span class='ocrx_word' id='word_1_214' title='bbox 951 2110 1067 2136; x_wconf 83' lang='lat' dir='ltr'>causa</span> <span class='ocrx_word' id='word_1_215' title='bbox 1100 2097 1361 2148; x_wconf 49' lang='lat' dir='ltr'>concitantur,</span> 
     </span>
    </p>
   </div>
   <div class='ocr_carea' id='block_1_3' title="bbox 168 2161 1462 2216">
    <p class='ocr_par' dir='ltr' id='par_1_6' title="bbox 168 2161 1462 2216">
     <span class='ocr_line' id='line_1_32' title="bbox 168 2161 1462 2216; baseline -0.001 -12"><span class='ocrx_word' id='word_1_216' title='bbox 168 2166 222 2204; x_wconf 84' lang='lat' dir='ltr'>sic</span> <span class='ocrx_word' id='word_1_217' title='bbox 258 2164 300 2203; x_wconf 91' lang='lat' dir='ltr'>in</span> <span class='ocrx_word' id='word_1_218' title='bbox 338 2164 411 2202; x_wconf 89' lang='lat' dir='ltr'>hac</span> <span class='ocrx_word' id='word_1_219' title='bbox 453 2163 704 2202; x_wconf 89' lang='lat' dir='ltr'>comitiorum</span> <span class='ocrx_word' id='word_1_220' title='bbox 748 2165 984 2213; x_wconf 79' lang='lat' dir='ltr'>tempestate</span> <span class='ocrx_word' id='word_1_221' title='bbox 1026 2161 1207 2212; x_wconf 89' lang='lat' dir='ltr'>populari</span> <span class='ocrx_word' id='word_1_222' title='bbox 1247 2174 1392 2216; x_wconf 56' lang='lat' dir='ltr'>saepes</span> <span class='ocrx_word' id='word_1_223' title='bbox 1460 2167 1462 2169; x_wconf 81' lang='grc'><strong>’</strong></span> 
     </span>
    </p>
   </div>
   <div class='ocr_carea' id='block_1_4' title="bbox 167 2226 1364 2282">
    <p class='ocr_par' dir='ltr' id='par_1_7' title="bbox 167 2226 1364 2282">
     <span class='ocr_line' id='line_1_33' title="bbox 167 2226 1364 2282; baseline -0.002 -14"><span class='ocrx_word' id='word_1_224' title='bbox 167 2229 384 2280; x_wconf 83' lang='lat' dir='ltr'>intellegaS‚</span> <span class='ocrx_word' id='word_1_225' title='bbox 411 2240 488 2278; x_wconf 89' lang='lat' dir='ltr'>quo</span> <span class='ocrx_word' id='word_1_226' title='bbox 514 2227 627 2278; x_wconf 80' lang='lat' dir='ltr'>signo</span> <span class='ocrx_word' id='word_1_227' title='bbox 657 2231 852 2265; x_wconf 86' lang='lat' dir='ltr'>commota</span> <span class='ocrx_word' id='word_1_228' title='bbox 881 2226 943 2273; x_wconf 87' lang='lat' dir='ltr'>sit,</span> <span class='ocrx_word' id='word_1_229' title='bbox 969 2239 1085 2277; x_wconf 89' lang='lat' dir='ltr'>saepe</span> <span class='ocrx_word' id='word_1_230' title='bbox 1114 2227 1168 2264; x_wconf 85' lang='lat' dir='ltr'>ita</span> <span class='ocrx_word' id='word_1_231' title='bbox 1199 2226 1364 2282; x_wconf 64' lang='lat' dir='ltr'>obseura</span> 
     </span>
    </p>
   </div>
  </div>
 </body>
</html>
