1462 2398
183 143 231 179 28
549 139 649 178 PRO
678 139 718 177 L.
750 137 1006 177 MURENA.

181 254 282 288 eum,
305 242 374 292 qui
397 245 500 279 esset
522 240 680 279 futurus
704 239 788 278 dux
808 244 848 277 et
871 238 1034 290 signifer
1057 239 1375 278 calamitosorum

111 302 162 343 51
186 310 322 344 —tum
363 305 496 356 igitur,
539 305 600 343 his
644 305 760 343 rebus
807 303 966 351 auditis,
1008 305 1246 343 meministis
1292 305 1376 343 fieri

182 376 341 409 senatus
388 369 611 408 consultum
659 369 854 408 referente
897 383 972 416 me,
1014 382 1064 407 ne
1111 374 1271 420 postero
1313 368 1377 408 die

182 435 341 474 comitia
387 434 638 480 haberentur,
687 438 732 472 ut
778 433 827 473 de
873 433 935 472 his
980 434 1099 472 rebus
1144 433 1186 472 in
1238 437 1379 473 senatu

182 513 297 551 agere
330 512 543 550 possemus.
602 498 744 549 Itaque
781 498 972 549 postridie
1004 498 1206 550 frequenti
1238 501 1379 538 senatu

184 564 397 604 Catilinam
434 563 605 602 excitavi
643 567 763 613 atque
801 576 890 601 eum
928 562 978 602 de
1015 562 1078 601 his
1115 563 1232 601 rebus
1269 562 1377 609 iussi,

184 630 215 668 si
249 628 346 680 quid
378 628 510 676 vellet,
546 640 645 678 quae
683 627 734 666 ad
771 641 833 667 me
872 626 1026 666 adlatae
1059 632 1201 675 essent,
1237 627 1377 666 dicere.

184 695 318 745 Atque
346 693 423 740 ille,
448 698 494 732 ut
523 706 675 743 semper
703 692 781 731 fuit
809 692 1091 744 apertissimus,
1114 705 1195 731 non
1223 705 1264 731 se
1292 705 1381 743 pur-

183 759 303 810 gavit,
334 757 404 797 sed
436 757 630 796 indicavit
659 762 779 808 atque
807 757 949 795 induit.
1009 756 1112 795 Tum
1140 756 1247 796 enim
1275 755 1381 795 dixit

184 824 262 863 duo
291 836 455 874 corpora
483 835 565 861 esse
595 822 651 861 rei
680 821 870 873 publicae,
901 834 1025 860 unum
1058 821 1189 860 debile
1222 821 1380 860 infirmo

184 888 323 939 capite,
355 887 524 926 alterum
558 887 715 925 firmum
749 886 834 925 sine
863 886 990 938 capite
1003 901 1015 934 3
1052 885 1153 934 huic,
1185 885 1219 924 si
1245 885 1304 925 ita
1331 885 1380 924 de

185 966 225 991 se
261 952 446 990 meritum
485 956 597 998 esset,
639 955 757 1001 caput
796 963 836 989 se
879 950 972 989 vivo
1014 963 1094 989 non
1136 950 1376 990 defuturum.

185 1017 424 1068 Congemuit
475 1020 635 1054 senatus
686 1015 872 1066 frequens
923 1028 1050 1069 neque
1102 1019 1236 1054 tamen
1286 1015 1381 1054 satis

185 1095 318 1121 severe
343 1094 414 1132 pro
437 1080 492 1119 rei
519 1079 758 1131 indignitate
784 1079 960 1118 decrevit
973 1093 983 1128 3
1011 1093 1103 1125 nam
1126 1079 1272 1130 partim
1291 1078 1381 1118 ideo

186 1148 306 1186 fortes
330 1146 372 1184 in
397 1144 646 1184 decernendo
670 1157 751 1183 non
777 1149 902 1192 erant,
929 1144 1022 1194 quia
1046 1143 1148 1182 nihil
1172 1143 1379 1192 timebant,

185 1211 342 1263 partim,
382 1209 476 1261 quia
513 1208 709 1247 timebant
751 1209 928 1247 nimium.
1000 1208 1145 1259 Erupit
1183 1221 1203 1247 e
1241 1212 1380 1247 senatu

185 1275 435 1326 triumphans
490 1273 646 1327 gaudio,
700 1286 816 1325 quem
874 1273 1035 1312 omnino
1086 1273 1223 1311 vivum
1272 1272 1381 1312 illinc

186 1342 293 1380 exire
326 1354 407 1379 non
437 1343 680 1390 oportuerat,
713 1338 945 1388 praesertim
979 1351 1069 1377 cum
1101 1337 1208 1376 idern
1240 1336 1307 1376 ille
1339 1337 1380 1376 in

185 1405 323 1445 eodem
352 1404 490 1443 ordine
518 1403 652 1454 paucis
681 1402 820 1441 diebus
849 1408 941 1441 ante
975 1401 1130 1452 Catoni,
1165 1401 1382 1440 fortissimo

182 1469 278 1517 viro,
302 1469 491 1508 iudicium
517 1468 719 1506 minitanti
748 1481 790 1506 ac
818 1466 1073 1506 denuntianti
1100 1456 1380 1517 respondisset,

186 1536 220 1575 si
247 1534 353 1586 quod
380 1538 483 1582 esset
508 1533 550 1571 in
577 1546 666 1572 suas
691 1533 871 1571 fortunas
898 1531 1127 1571 incendium
1153 1531 1380 1579 excitatum,

115 1598 168 1639 52
185 1598 227 1638 id
265 1612 305 1638 se
342 1611 423 1637 non
461 1611 572 1648 aqua,
613 1597 682 1635 sed
723 1597 839 1634 ruina
876 1597 1169 1635 restincturum.
1227 1595 1380 1636 XXVI.

186 1664 261 1702 His
302 1667 388 1701 tum
430 1661 547 1700 rebus
589 1666 819 1706 commotus,
860 1665 900 1699 et
941 1659 1048 1711 quod
1087 1659 1267 1698 homines
1303 1659 1383 1699 iam

184 1733 271 1767 tum
309 1727 535 1766 coniuratos
572 1738 661 1763 cum
698 1724 841 1776 gladiis
879 1724 921 1762 in
961 1737 1144 1775 campum
1181 1723 1324 1763 deduci
1360 1737 1384 1764 a

184 1792 358 1832 Catilina
377 1791 558 1838 sciebam,
579 1789 795 1828 descendi
784 1803 827 1827 1n
847 1802 1027 1839 campum
1048 1801 1139 1827 cum
1157 1788 1382 1827 firmissimo

184 1856 379 1908 praesidio
420 1854 726 1894 fortissimorum
766 1853 942 1892 virorum
984 1857 1025 1892 et
1066 1865 1156 1891 cum
1197 1852 1266 1892 illa
1301 1851 1384 1892 lata

182 1921 408 1973 insignique
455 1920 586 1967 lorica,
635 1932 714 1958 non
763 1931 862 1969 quae
910 1931 972 1956 me
1019 1922 1170 1969 tegeret
1217 1917 1383 1970 (etenim

162 1980 352 2026 'sciebam
377 1985 591 2025 Catilinam
615 1997 694 2022 non
718 1983 822 2022 latus
846 1988 915 2021 aut
944 1986 1134 2030 ventrem,
1165 1981 1235 2021 sed
1263 1987 1384 2034 caput
1433 1991 1462 2037 ‘-

183 2057 224 2090 et
270 2050 414 2089 collum
461 2049 586 2087 solere
633 2047 796 2099 petere),
842 2060 980 2086 verum
1021 2051 1068 2086 ut
1109 2059 1246 2086 omnes
1287 2045 1383 2086 boni
1444 2040 1462 2063 ³

182 2115 546 2155 animadverterent
602 2118 653 2161 et,
707 2125 795 2151 cum
850 2112 892 2150 in
947 2115 1055 2150 metu
1111 2116 1152 2150 et
1205 2109 1417 2163 periculo⁴

183 2180 384 2220 consulem
420 2178 615 2224 videi-,ent
651 2177 692 2215 id
731 2176 838 2227 quod
876 2180 937 2215 est
978 2175 1138 2222 factum,
1177 2174 1228 2214 ad
1266 2168 1406 2229 opem-'⁷'

182 2245 502 2296 praesidiumque
531 2247 819 2281 concurrerent.
878 2241 1030 2291 Itaque,
1056 2253 1146 2279 cum
1175 2243 1225 2288 te,
1251 2239 1400 2289 Servis
1431 2240 1438 2284 J

1271 2315 1343 2397 JK

1381 2364 1392 2389 ³,

1394 2388 1412 2398 .Ι’
