1462 2398
96 175 157 219 mv,
492 139 596 179 PRO
624 138 663 178 L.
698 138 958 177 MURENA.
1271 138 1321 175 45

125 239 388 298 redunglarint
407 242 420 279 2
476 239 593 279 Unus
618 239 695 278 erit
717 238 865 285 consul,
887 243 927 277 et
946 238 979 276 is
998 251 1076 277 non
1097 238 1139 276 in
1159 237 1325 276 admini-

126 306 288 345 strando
321 305 436 352 bello,
471 304 540 343 sed
573 304 615 342 in
648 303 878 342 sufficiendo
912 302 1061 354 collega
1098 307 1322 354 occupatus

127 369 246 410 Hunc
286 371 365 410 iam
408 371 475 422 qui
518 369 748 420 impedituri
787 369 879 416 sint,
918 382 963 406 ne
1000 369 1144 407 comitia
1185 367 1323 416 habeat,

122 437 249 491 parati
279 439 391 483 sunt;
433 435 499 474 illa
528 435 651 486 pestis
690 433 886 482 immanis,
922 447 1077 487 manus·
1098 433 1326 483 importuna

127 500 323 541 Catilinae
360 506 603 552 prorumpet,
642 512 733 550 quae
771 500 974 550 perniciem
1010 499 1087 537 iam
1123 498 1190 536 diu
1228 498 1327 536 bonis

74 604 80 616 ,
127 566 290 605 omnibus
322 566 521 614 minatur;
563 565 605 603 in
637 577 752 615 agros
785 564 1033 603 suburbanos
1066 568 1228 614 repente
1262 562 1326 601 ad-

127 631 304 679 volabit3
346 630 572 686 versa—bitur
599 629 641 668 in
671 629 808 667 rostris
837 629 955 677 furor,
987 628 1029 666 in
1058 628 1165 667 curia
1192 628 1323 676 timor,

127 696 170 735 in
207 696 294 735 foro
340 695 571 743 coniuratio,
612 695 655 733 in
701 707 839 744 campo
887 693 1093 741 exercitus,
1142 693 1184 731 in
1223 693 1327 744 agris

127 761 318 810 vastitas;
358 760 467 800 omni
496 765 629 799 autem
659 759 702 797 in
732 758 825 798 sede
855 772 899 798 ac
929 759 1014 797 loco
1045 758 1192 797 ferrum
1221 758 1328 796 flam-

128 839 311 877 mamque
357 831 590 874 metuemus,
640 838 739 875 quae
785 824 864 863 iam
916 823 985 862 diu
1036 828 1325 874 comparantur.

128 890 280 930 Eadem
307 891 385 929 ista
413 891 559 938 omnia,
590 890 623 928 si
653 895 792 928 ornata
819 889 900 927 suis
927 888 1135 939 praesidiis
1164 889 1240 927 erit
1265 901 1327 927 res

128 955 296 1007 publica,
332 955 446 994 facile
479 959 519 993 et
551 955 857 1005 magistratuum
894 953 1067 992 consiliis
1105 958 1146 992 et
1181 954 1328 1004 privat-

129 1034 242 1060 orum
270 1020 476 1071 diligentia
504 1019 824 1070 comprimentur.

183 1085 266 1124 XL.
298 1085 407 1134 Quae
436 1098 524 1123 cum
554 1084 611 1122 ita
639 1084 729 1131 sint,
758 1083 918 1131 iudices,
946 1083 1118 1134 primum
1146 1083 1203 1122 rei
1232 1083 1326 1134 pub—
1343 1082 1397 1124 86

129 1150 226 1190 licae
251 1163 376 1201 causa,
398 1163 477 1200 qua
501 1149 610 1188 nulla
633 1162 696 1187 res
720 1148 906 1199 cuiquam
930 1148 1062 1199 potior
1086 1147 1206 1187 debet
1231 1160 1325 1196 esse,

128 1229 200 1255 vos
227 1228 299 1266 pro
330 1228 417 1253 mea
446 1219 601 1253 summa
629 1218 670 1252 et
698 1213 809 1252 vobis
841 1213 1001 1264 cognita
1027 1214 1070 1251 in
1098 1226 1141 1252 re
1170 1213 1328 1264 publica

129 1273 336 1331 diligentia
371 1292 525 1326 moneo,
560 1292 632 1329 pro
670 1278 905 1334 auctoritate
943 1277 1139 1316 consulari
1177 1278 1326 1324 hortor,

129 1357 201 1396 pro
233 1343 510 1396 magnitudine
543 1343 707 1394 periculi
735 1334 923 1389 obtestor,
955 1348 1000 1381 ut
1029 1343 1124 1390 otio,
1154 1347 1200 1381 ut
1230 1342 1327 1393 paci,

58 1414 177 1468 &gut
203 1404 347 1456 saluti,
391 1412 437 1447 ut
478 1408 584 1447 vitae
631 1413 786 1446 vestrae
833 1412 873 1445 et
915 1411 1132 1445 ceterorum
1181 1407 1327 1445 civium

57 1469 66 1479 ²
131 1473 373 1526 consulatis·
362 1503 373 1522 ,
405 1472 549 1511 deinde
579 1485 651 1524 ego
679 1472 786 1510 idem
811 1485 881 1510 vos
905 1471 1124 1511 defensoris
1149 1477 1188 1511 et
1213 1471 1329 1511 amici

132 1538 256 1585 officio
295 1537 489 1576 adductus
526 1551 594 1576 oro
632 1542 752 1619 atque
790 1537 960 1584 obsecro,
996 1536 1158 1584 iudices,
1197 1542 1243 1575 ut
1280 1550 1330 1575 ne

132 1602 303 1641 hominis
335 1602 468 1641 miseri
499 1607 542 1641 et
574 1615 663 1640 cum
696 1601 870 1653 corporis
903 1601 1050 1649 morbo,
1087 1606 1174 1640 tum
1207 1602 1329 1640 animi

132 1667 268 1707 dolore
293 1667 474 1717 confecti,
501 1667 543 1706 L.
571 1666 776 1715 Murenae,
797 1671 995 1706 recentem
1020 1649 1357 1718 gratulationem]

131 1745 236 1771 nova
253 1731 538 1771 lamentatione
557 1731 744 1770 obruatis.
802 1731 925 1782 Modo
946 1732 1119 1771 maximo
1138 1732 1329 1771 beneficio

131 1797 267 1848 populi
300 1797 469 1836 Romani
507 1803 668 1835 ornatus
706 1797 932 1835 fortunatus
966 1796 1187 1844 videbatur,
1222 1796 1329 1847 quod

131 1861 283 1913 primus
310 1861 352 1900 in
379 1862 569 1900 familiam
598 1867 783 1909 veterem,
812 1862 963 1915 primus
996 1861 1038 1899 in
1067 1861 1329 1912 municipium

134 1926 453 1978 antiquissimum
499 1926 749 1979 consulatum
791 1926 1020 1985 attulisset3
1076 1939 1181 1965 nunc
1222 1926 1330 1965 idem

134 1990 314 2042 squalore
347 1996 387 2030 et
420 1991 602 2031 sordibus
635 1971 846 2041 confectus,
879 1991 1049 2030 lacrimis
1080 2004 1123 2029 ac
1154 2004 1330 2030 maerore

134 2052 313 2107 perditus
345 2060 477 2110 vester
509 2061 569 2095 est
601 2055 779 2107 supplex,
811 2055 970 2107 iudices,
1004 2060 1176 2094 vestram
1210 2055 1329 2094 fidem

135 2114 369 2169 obtestatur,
400 2124 554 2160 vestram
585 2120 895 2159 misericordiam
928 2120 1124 2171 implorat,
1156 2125 1328 2159 vestram

137 2189 375 2236 potestatem
410 2199 454 2224 ac
491 2190 642 2225 vestras
679 2198 772 2236 opes
811 2187 1000 2236 intuetur.
1071 2184 1219 2232 Nolite,
1258 2198 1330 2235 per
1346 2183 1399 2225 87

137 2249 232 2290 deos
263 2249 531 2289 immortales!
563 2249 724 2298 iudices,
759 2249 832 2288 hac
865 2262 953 2288 eum
984 2262 1066 2288 cum
1095 2262 1147 2297 re,
1180 2262 1258 2300 qua
1287 2262 1328 2290 se

51 216 85 240 7„
