1462 2398
149 160 197 198 46
514 156 617 196 PRO
644 156 687 195 L.
716 153 978 194 MURENA.

148 259 413 299 honestiorem
445 258 528 296 fore
561 255 730 308 putavit,
766 255 886 294 etiam
919 254 1060 293 ceteris
1093 258 1186 293 ante
1218 251 1344 304 partis

147 324 423 363 honestatibus
443 327 562 373 atque
582 321 691 360 omni
710 320 904 372 dignitate
923 319 1161 370 fortunaque
1176 318 1341 370 privare.

149 389 283 440 Atque
302 388 360 427 ita
378 401 448 427 vos
468 387 510 425 L.
530 387 708 434 Murena,
731 384 889 433 iudices,
908 388 995 423 orat
1014 388 1134 434 atque
1154 383 1342 430 obsecrat,

149 454 181 492 si
213 452 359 492 iniuste
393 452 591 491 neminem
623 450 747 498 laesit,
781 450 814 488 si
845 449 993 488 nullius
1024 462 1137 488 aures
1167 447 1347 487 volunta-

149 524 279 558 temve
310 518 487 565 violavit,
521 517 552 555 si
583 515 742 563 nemini,
776 520 823 553 ut
852 514 1051 565 levissime
1082 513 1222 560 dicam,
1255 511 1346 552 odio

149 597 220 623 nec
235 583 343 622 domi
359 596 430 621 nec
443 581 606 620 militiae
622 580 709 634 fuit,
724 580 776 618 sit
792 579 897 631 apud
910 593 980 618 vos
995 578 1211 618 modestiae
1225 577 1343 626 locus,

150 649 201 688 sit
235 648 405 686 demisso
439 646 571 685 animo
603 645 837 696 perfugium,
874 645 927 683 sit
965 643 1156 683 auxilium
1190 641 1343 694 pudori.

150 711 463 752 Misericordiam
506 710 690 761 spoliatio
723 709 952 748 consulatus
984 721 1168 759 magnam
1202 707 1348 746 habere

150 778 280 825 debet,
310 776 484 825 iudices;
527 788 608 814 una
637 775 742 813 enim
771 774 996 825 eripiuntur
1024 787 1111 812 cum
1141 771 1347 812 consulatu

151 843 284 882 omnia
300 858 311 891 3
351 841 544 880 invidiam
577 838 681 879 vero
703 839 765 878 his
797 835 1042 890 temporibus
1079 838 1225 877 habere
1262 849 1349 876 con-

151 908 302 946 sulatus
334 907 419 957 ipse
452 904 604 944 nullam
635 908 795 955 potest3
834 903 1004 942 obicitur
1036 902 1142 942 enim
1175 901 1350 941 contion-

151 973 240 1012 ibus
271 970 559 1018 seditiosorum,
593 968 749 1008 insidiis
782 969 1090 1016 coniuratorum,
1124 966 1214 1006 telis
1247 965 1352 1005 Cati-

152 1037 266 1084 linae,
294 1036 344 1075 ad
373 1049 489 1075 omne
517 1034 690 1085 denique
717 1033 938 1085 periculum
967 1037 1087 1084 atque
1114 1031 1166 1071 ad
1193 1043 1350 1070 omnem

83 1099 135 1142 88
153 1101 337 1141 iniuriam
370 1100 476 1140 solus
509 1099 732 1151 opponitur.
803 1097 932 1146 Quare
963 1096 1059 1149 quid
1091 1095 1351 1136 invidendum

153 1167 344 1206 Murenae
375 1170 446 1204 aut
475 1165 659 1215 cuiquam
688 1167 870 1202 nostrum
900 1162 952 1201 sit
979 1162 1021 1200 in
1050 1161 1124 1201 hoc
1152 1160 1352 1212 praeclaro

155 1230 373 1278 consulatu,
404 1242 485 1268 non
512 1228 646 1275 vide0‚·
672 1227 848 1275 iudices;
876 1240 977 1277 quae
1006 1239 1099 1265 vero
1128 1225 1353 1264 miseranda

155 1300 259 1344 sunt,
282 1308 327 1333 ea
352 1299 393 1333 et
417 1293 515 1332 mihi
545 1297 637 1332 ante
665 1291 797 1331 oculos
822 1296 1031 1330 versantur
1056 1295 1096 1328 et
1122 1303 1192 1328 vos
1217 1289 1353 1328 videre

156 1365 196 1399 et
216 1359 434 1411 perspicere
453 1357 633 1410 potestis.
681 1356 786 1394 XLI.
816 1355 870 1404 Si,
892 1355 1017 1407 (quod
1037 1355 1218 1406 Iuppiter
1236 1366 1353 1393 omen

155 1429 310 1464 avertat
329 1426 354 1475 1)
394 1423 500 1462 hunc
529 1415 672 1461 vestris
701 1420 909 1460 sententiis
934 1419 1180 1467 adflixeritis,
1208 1431 1287 1469 quo
1313 1431 1354 1457 se

156 1490 275 1528 miser
311 1491 470 1527 vertet?
513 1487 755 1526 domumne?
795 1490 840 1524 ut
871 1498 957 1524 eam
986 1484 1198 1535 Imaginem
1227 1482 1355 1522 claris·

157 1554 245 1593 simi
282 1553 368 1601 viri,
408 1552 584 1604 parentis
622 1551 695 1597 sui,
735 1563 854 1601 quam
901 1549 1034 1601 paucis
1076 1554 1169 1587 ante
1215 1547 1355 1587 diebus

157 1619 374 1658 laureatam
420 1618 460 1656 in
508 1630 579 1655 sua
619 1615 884 1667 gratulatione
927 1613 1144 1664 conspexit,
1189 1612 1355 1652 eandem

157 1683 419 1722 deformatam
457 1680 676 1735 ignominia
722 1679 1003 1730 lugentemque
1048 1677 1215 1716 videat?
1288 1675 1356 1715 An

157 1747 207 1786 ad
245 1752 423 1793 matrem,
472 1758 573 1796 quae
610 1744 752 1782 misera
788 1742 907 1782 modo
945 1741 1146 1780 consulem
1182 1740 1357 1779 osculata

157 1812 283 1851 filium
312 1811 438 1858 suum,
469 1823 573 1848 nunc
602 1808 799 1847 cruciatur
826 1813 866 1845 et
894 1805 1063 1845 sollicita
1090 1810 1160 1853 est,
1187 1818 1237 1844 ne
1266 1817 1357 1844 eun-

159 1877 250 1916 dem
277 1875 393 1928 paulo
417 1879 508 1926 post
534 1873 747 1924 spoliatum
774 1871 881 1910 omni
901 1869 1096 1921 dignitate
1116 1869 1358 1920 conspiciat?

89 1941 142 1984 89
161 1941 239 1983 Sed
260 1940 356 1992 quid
378 1953 449 1991 ego
469 1943 637 1977 matrem
663 1938 740 1976 eius
766 1941 835 1975 aut
860 1936 1024 1974 domum
1050 1934 1215 1986 appello,
1238 1947 1358 1986 quem

160 2019 264 2046 nova
301 2018 428 2057 poena
465 2003 562 2055 legis
600 2008 641 2041 et
677 2002 795 2041 domo
833 2005 874 2040 et
905 2004 1069 2051 parente
1103 2005 1144 2038 et
1179 1999 1358 2039 omnium

161 2084 322 2110 suorum
369 2067 655 2109 consuetudine
702 2062 992 2117 conspectuque
1038 2064 1201 2115 privat'l
1274 2062 1359 2103 Ibit

161 2135 286 2187 igitur
303 2135 345 2173 in
361 2133 545 2173 exsilium
564 2132 683 2171 miser
701 2133 714 2170 2
761 2131 847 2180 Quo
864 2132 878 2169 ’ἰ
908 2129 958 2168 ad
978 2129 1193 2168 orientisne
1211 2133 1356 2180 partes,

162 2201 202 2238 in
226 2199 370 2250 quibus
396 2211 521 2236 annos
547 2197 693 2235 multos
718 2195 870 2246 legatus
894 2194 983 2240 fuit,
1006 2193 1202 2232 exercitus
1227 2192 1357 2240 duxit,

163 2277 225 2303 res
259 2263 452 2302 maximas
485 2261 638 2312 gessit?
706 2259 763 2298 At
796 2259 917 2298 habet
949 2271 1136 2308 magnum
1169 2257 1355 2303 dolorem,
