1462 2398
487 135 592 176 PRO
620 135 662 176 L.
693 136 744 175 M
750 135 955 176 URENA.
1269 138 1318 175 35

126 237 296 276 officium
316 242 357 277 et
376 237 473 277 fides
492 236 723 288 postulabit.
785 237 1080 276 ‘Misericordia
1100 243 1320 276 commotus

126 314 176 341 ne
195 302 271 341 sis’
325 302 469 350 Etiam,
490 302 532 341 in
555 301 810 341 dissolvenda
830 302 1042 341 severitate
1057 317 1066 350 3
1096 302 1165 341 sed
1186 307 1319 341 tamen

126 371 186 405 est
230 367 316 406 laus
363 367 494 419 aliqua
540 366 813 406 humanitatis.
884 367 954 405 ‘In
997 368 1195 406 sententia
1236 381 1354 418 per-.

126 431 310 472 maneto.'
363 432 481 480 Vero,
501 432 578 471 nisi
607 432 846 471 sententiam
868 432 1068 471 sententia
1087 432 1164 470 alia
1183 431 1321 471 vicerit
1369 466 1373 471 .

125 495 273 535 melior.
332 496 506 536 Huiusce
543 496 652 535 modi
693 496 828 546 Scipio
867 495 933 535 ille
966 496 1052 542 fuit,
1089 510 1204 547 quem
1239 510 1318 536 non
1338 498 1390 540 66

124 561 352 611 paenitebat
370 561 497 600 facere
516 561 634 610 idem,
652 561 761 612 quod
776 566 831 610 tu,
850 561 993 600 habere
1009 561 1320 600 eruditissimum

125 624 324 664 hominem
358 626 592 665 Panaetium
626 625 734 665 domi
748 641 758 674 3
798 625 908 664 cuius
937 626 1115 665 oratione
1145 631 1185 665 et
1213 639 1321 677 prae-

125 690 258 741 ceptis,
276 703 516 742 quamquam
536 695 649 730 erant
669 690 805 730 eadem
825 691 911 739 ista,
930 704 1029 741 quae
1049 695 1088 730 te
1108 691 1318 740 delectant,

125 759 258 793 tamen
305 755 479 806 asperior
515 769 596 795 non
633 760 695 794 est
732 756 867 803 factus,
908 755 988 803 sed,
1027 760 1074 794 ut
1120 756 1252 807 accepi
1298 770 1321 796 a

124 819 294 867 senibus,
333 819 565 859 lenissimus.
642 820 739 869 Quis
777 833 870 859 vero
909 820 950 859 O.
987 820 1123 859 Laelio
1161 821 1318 870 comior,

125 883 213 933 quis
254 883 463 923 iucundior
505 884 644 933 eodem
687 898 738 931 ex
759 928 764 929 ⁷
784 884 1064 929 studim-isto?
1125 886 1213 936 quis
1251 886 1319 924 illo

125 948 292 998 gravior,
332 949 578 999 sapientior?
633 949 799 988 Possum
839 949 888 988 de
926 949 968 988 L.
1010 950 1136 998 Philo,
1178 950 1227 989 de
1274 951 1316 989 O.

126 1011 226 1051 Galo
246 1011 375 1051 dicere
393 1013 490 1052 haec
509 1013 658 1061 eadem,
680 1014 748 1052 sed
779 1019 818 1053 te
847 1014 1010 1053 domum
1028 1014 1107 1054 iam
1127 1015 1320 1055 deducam

38 1111 63 1124 „
125 1081 244 1115 tuam.
303 1076 602 1129 Quemquamne
630 1078 832 1117 existimas
861 1078 1024 1127 Catone,
1058 1092 1207 1131 proavo
1234 1085 1317 1128 tuo,

125 1140 442 1198 commodiorem,
482 1143 804 1190 communiorem,
847 1143 1153 1183 moderatiorem
1198 1144 1319 1184 fuisse

125 1204 176 1243 ad
213 1218 370 1244 omnem
402 1207 597 1261 rationem
630 1207 920 1247 humanitatis?
977 1208 1037 1247 De
1070 1209 1180 1247 cuius
1212 1223 1319 1260 prae-

125 1269 247 1308 stanti
293 1270 442 1310 virtute
489 1284 579 1310 cum
616 1285 708 1311 vere
754 1273 1007 1324 graviterque
1054 1273 1215 1321 diceres,
1254 1274 1320 1314 do-

125 1335 331 1374 mesticum
360 1340 400 1374 te
429 1335 573 1375 habere
593 1336 731 1375 dixisti
752 1337 978 1389 exemplum
998 1338 1048 1377 ad
1067 1339 1315 1378 imitandum.

126 1399 198 1438 Est
229 1398 327 1438 illud
361 1401 522 1451 quidem
555 1402 779 1452 exemplum
812 1402 887 1441 tibi
921 1404 1165 1454 propositum
1198 1404 1317 1453 domi,

125 1462 195 1502 sed
240 1468 375 1503 tamen
412 1470 577 1505 naturae
616 1465 835 1505 similitudo
872 1466 979 1506 illius
1017 1467 1067 1506 ad
1104 1473 1144 1507 te
1181 1470 1317 1521 magis',

126 1527 194 1579 qui
221 1528 272 1567 ab
299 1528 368 1567 illo
397 1534 506 1568 ortus
536 1543 587 1577 es,
628 1544 747 1581 quam
775 1531 825 1570 ad
858 1545 981 1571 unum
1010 1546 1205 1584 quemque
1233 1547 1321 1573 nos-

126 1596 233 1631 trum
261 1593 467 1644 pervenire
497 1595 637 1646 potuit,
661 1595 710 1634 ad
730 1595 969 1635 imitandum
989 1610 1081 1636 vero
1110 1603 1192 1636 tam
1221 1599 1318 1638 mihi

125 1656 373 1708 propositum
411 1659 614 1710 exemplar
649 1659 749 1699 illud
786 1665 846 1700 est
878 1674 997 1712 quam
1030 1662 1114 1701 tibi.
1174 1662 1253 1702 Sed
1287 1664 1318 1702 si

125 1719 231 1760 illius
259 1723 486 1762 comitatem
515 1729 556 1762 et
582 1724 814 1764 facilitatem
843 1730 935 1766 tuae
964 1727 1151 1778 gravitati
1180 1728 1320 1767 severi-

124 1785 278 1837 tatique
311 1786 542 1841 adpe‘rseris,
576 1802 657 1828 non
691 1790 767 1829 ista
800 1791 959 1842 quidem
994 1797 1112 1831 erunt
1143 1793 1318 1841 meliora,

126 1863 225 1901 quae
253 1864 359 1890 nunc
388 1857 483 1891 sunt
511 1854 673 1905 optima,
696 1854 765 1893 sed
791 1860 897 1894 certe
917 1856 1077 1909 condita
1095 1856 1317 1903 iucundius.

179 1913 354 1954 XXXII.
386 1916 526 1965 Quare,
557 1921 605 1956 ut
634 1918 685 1957 ad
713 1918 766 1967 id,
797 1919 905 1970 quod
933 1910 1101 1969 institui,
1132 1927 1317 1970 revertar,
1339 1926 1391 1969 67

126 1977 222 2017 tolle
251 1979 350 2033 mihi
381 1994 402 2019 e
436 1995 553 2021 causa
581 1995 726 2022 nomen
755 1983 928 2032 Catonis,
964 1998 1123 2025 remove
1156 1988 1322 2026 auctori-

126 2046 262 2090 tatem,
300 2057 399 2095 quae
446 2045 488 2084 in
534 2046 692 2086 iudiciis
738 2053 807 2086 aut
853 2049 954 2087 nihil
991 2050 1123 2089 valere
1161 2056 1231 2089 aut
1271 2052 1321 2091 ad

125 2106 294 2147 salutem
324 2108 442 2149 debet
471 2111 613 2159 valere,
643 2113 880 2164 congredere
910 2127 1062 2154 mecum
1093 2116 1322 2156 criminibus

125 2170 232 2223 ipsis.
290 2173 396 2222 Quid
423 2189 590 2225 accusari,
617 2176 729 2226 Cato,
757 2178 854 2230 quid
882 2179 1011 2219 adfers
1040 2180 1090 2219 ad
1118 2181 1319 2232 iudicium,

127 2236 225 2288 quid
245 2237 404 2290 arguis?
459 2239 670 2279 Ambitum
699 2255 856 2282 accusas
869 2259 880 2293 ς
907 2257 987 2283 non
1017 2244 1196 2285 defendo.
1254 2247 1322 2287 Me
