1462 2398
498 128 600 167 PRO
629 128 671 166 L.
703 125 956 165 MURENA.
1274 123 1323 163 37

131 242 314 280 campum
332 228 536 275 Martium,
557 227 788 279 praesertim
816 226 908 264 talis
928 225 1003 264 viri
1031 224 1190 263 nomine
1218 236 1327 274 roga-

131 296 222 333 tos?
278 293 410 342 Quid?
450 293 483 332 si
511 305 647 331 omnes
677 292 884 331 societates
917 293 1123 336 venerunt,
1159 301 1326 339 quarum

131 371 181 397 ex
216 371 380 398 numero
417 357 534 396 multi
571 357 712 396 sedent
748 355 920 404 iudices3
967 354 1093 405 quid?
1139 354 1171 392 si
1210 353 1324 391 multi

130 421 310 462 homines
347 422 472 462 nostri
510 421 661 461 ordinis
698 419 991 467 honestissimi3
1030 418 1152 470 quid‘l
1191 418 1222 456 si
1260 417 1329 456 illa

131 488 421 534 officiosissima,
446 500 547 538 quae
575 487 775 525 neminem
803 485 956 536 patitur
983 497 1063 523 non
1091 483 1257 522 honeste
1285 482 1327 520 in

131 553 271 603 urbem
297 553 474 601 introire,
497 557 584 591 tota
611 552 722 591 natio
751 550 1064 598 candidatorum,
1096 549 1128 588 si
1157 548 1328 599 denique

132 617 215 669 ipse
251 623 454 657 accusator
490 622 626 657 noster
662 617 878 656 Postumus
915 615 1074 654 obviam
1107 627 1196 653 cum
1229 613 1328 652 bene

131 695 273 734 magna
301 687 459 722 caterva
487 696 558 721 sua
585 682 708 730 venit,
731 681 827 733 quid
855 681 978 720 habet
1005 680 1084 719 ista
1111 678 1329 718 multitudo

131 739 438 786 admirationis2
511 747 666 786 Omitto
717 746 891 794 clientes,
940 745 1102 793 vicinos,
1150 743 1327 792 tribules,

132 812 349 851 exercitum
368 817 500 851 totum
525 811 692 860 Luculli,
715 811 783 862 qui
812 811 863 850 ad
891 810 1139 861 triumphum
1166 822 1237 860 per
1265 822 1331 848 eos

134 875 218 932 dies
250 881 438 924 venerat3
477 876 551 915 hoc
584 876 684 924 dico,
718 875 984 928 frequentiam
1016 875 1059 914 in
1091 875 1168 913 isto
1206 873 1331 913 officio

134 941 348 992 gratuitam
366 955 447 981 non
466 941 585 981 modo
604 941 793 993 dignitati
811 940 958 980 nullius
977 951 1176 991 umquam,
1194 939 1262 978 sed
1281 951 1331 977 ne

134 1006 333 1052 voluntati
362 1007 523 1058 quidem
554 1006 734 1046 defuisse.
795 1006 877 1045 ‘At
907 1005 1162 1045 sectabantur
1188 996 1400 1043 multi.’'70

135 1070 242 1110 Doce
260 1071 464 1121 mercede3
493 1071 703 1110 concedam
734 1085 817 1110 esse
845 1071 1005 1110 crimen.
1061 1070 1150 1109 Hoc
1169 1069 1328 1121 quidem

134 1141 296 1184 remoto,
337 1136 435 1187 quid
471 1136 756 1188 reprehendis?
821 1135 1015 1175 XXXIV.
1068 1134 1196 1183 ‘Quid
1234 1147 1333 1186 opus

135 1200 230 1249 est’,
269 1201 410 1252 inquit,
453 1202 787 1240 ‘sectatoribus‘l'
843 1201 882 1239 A
915 1214 976 1240 me
1010 1205 1056 1238 tu
1087 1199 1130 1238 id
1163 1199 1330 1250 quaeris,

135 1264 232 1316 quid
260 1279 357 1317 opus
386 1266 438 1304 sit
466 1279 522 1314 60,
553 1255 633 1317 quo
653 1279 807 1317 semper
831 1265 893 1306 usi
919 1265 1084 1304 sumus?
1139 1264 1334 1303 Homines

136 1335 275 1373 tenues
294 1343 419 1369 unum
438 1330 588 1369 habent
616 1330 658 1368 in
686 1335 868 1369 nostrum
897 1330 1077 1368 ordinem
1096 1333 1166 1368 aut
1184 1342 1335 1380 prome-

135 1395 252 1438 rendi
281 1401 349 1434 aut
379 1395 575 1434 referendi
605 1395 785 1434 beneficii
814 1395 954 1443 locum,
985 1394 1087 1433 hanc
1117 1394 1159 1432 in
1189 1393 1334 1435 nostris

137 1459 398 1511 petitionibus
435 1473 596 1511 operam
633 1465 752 1510 atque
799 1459 1119 1498 adsectationem.
1195 1458 1334 1509 Neque

139 1524 245 1563 enim
265 1524 350 1563 fieri
369 1529 502 1575 potest
520 1516 648 1575 neque
674 1518 957 1575 postulandum
985 1528 1046 1563 est
1074 1537 1096 1562 a
1123 1523 1237 1562 nobis
1267 1527 1335 1562 aut

139 1589 189 1628 ab
209 1588 407 1639 equitibus
427 1588 627 1636 Romanis,
649 1593 695 1627 ut
714 1601 804 1627 suos
824 1588 1063 1627 necessarios
1083 1587 1337 1627 adsectentur

139 1658 246 1693 totos
276 1653 384 1702 dies;
413 1667 436 1693 a
463 1653 607 1705 quibus
638 1653 671 1692 si
702 1653 843 1692 domus
872 1658 1009 1692 nostra
1039 1653 1270 1701 celebratur,
1304 1652 1337 1691 si

139 1717 340 1757 interdum
361 1717 411 1757 ad
430 1718 560 1757 forum
579 1717 823 1766 deducimur,
845 1718 876 1756 si
897 1731 976 1757 uno
997 1718 1179 1756 basilicae
1209 1717 1337 1768 spatio

139 1783 405 1831 honestamur,
445 1783 658 1834 diligenter
703 1778 903 1822 observari
939 1782 1122 1821 videmur
1159 1787 1200 1821 et
1236 1782 1311 1833 cqli
1326 1796 1338 1830 5

141 1847 369 1902 tenuiorum
406 1848 620 1886 amicorum
659 1852 700 1887 et
736 1861 816 1886 non
855 1852 1136 1898 occupatorum
1169 1852 1230 1886 est
1261 1847 1339 1886 ista

142 1911 371 1964 adsiduitas,
410 1925 580 1963 quorum
617 1912 730 1962 copia
775 1912 889 1950 bonis
926 1911 1022 1950 viris
1068 1915 1109 1950 et
1155 1911 1339 1950 beneficis

143 1975 277 2030 deesse
295 1989 377 2015 non
405 1976 515 2016 solet.
573 1976 668 2015 Noli
696 1976 821 2027 igitur
849 1976 999 2027 eripere
1027 1975 1132 2014 hunc
1160 1976 1339 2014 inferiori
1355 1974 1407 2017 71

144 2041 278 2093 generi
304 2041 511 2080 hominum
538 2041 711 2080 fructum
740 2041 866 2095 ofijpii,
892 2041 992 2080 Cato
1007 2056 1018 2090 3
1050 2041 1134 2079 sine
1164 2054 1240 2089 eos,
1272 2041 1340 2092 qui

145 2107 278 2150 omnia
305 2119 328 2145 a
355 2107 471 2146 nobis
499 2112 670 2158 sperant,
685 2097 838 2145 ‘habere
866 2106 973 2156 ipsos
992 2119 1149 2156 quoque
1178 2105 1339 2157 aliquid,

146 2171 253 2223 quod
285 2171 399 2210 nobis
432 2171 606 2210 tribuere
638 2171 803 2222 possint.
861 2171 905 2210 Si
937 2170 1039 2209 nihil
1072 2171 1148 2209 erit
1186 2175 1342 2222 praeter

145 2236 322 2287 ipsorum
347 2236 588 2288 suffragium,
611 2240 731 2275 tenue
757 2240 818 2275 est
831 2250 843 2285 5
870 2240 916 2274 ut
941 2236 1220 2287 suffragentur,
1241 2236 1343 2275 nihil
